2574 3912
32 262 99 321 N
144 234 197 304 ,χ
255 251 308 316 0>
345 254 406 305 „Q
435 272 455 301 J
491 260 532 306 „b
556 189 661 313 A?
700 187 1042 248 ExcEssU
1080 170 1231 246 D1v1
1268 186 1599 246 AUGUsn
1634 186 1751 244 xv.
2144 190 2209 244 41

316 280 368 316 r>
418 274 432 298 k
456 282 611 321 RN?
962 288 967 294 .

601 316 768 331 ..νων-κη

59 346 398 449 Qflbffis
435 339 778 445 superstit-io}
800 370 1025 407 rursum
1064 348 1421 420 erumpebat,
1460 368 1580 407 non
1612 346 1787 406 modo
1805 367 1910 419 per
1927 346 2215 412 Iudaeam,

396 432 513 443 „...--...-
518 431 697 445 ...φφ-»κ-

98 451 375 521 originem
431 452 554 507 eius
606 446 758 512 mali,
809 445 915 505 sed
952 466 1057 516 per
1094 444 1297 502 urbem
1336 448 1528 509 etiam,
1568 463 1682 515 quo
1721 450 1928 501 cuncta
1963 442 2217 513 undique

64 528 817 631 fflffssfflffl
856 541 1152 599 confluunt
1210 533 1934 634 celebranturque?‘igitur
1976 542 2219 611 primum

99 643 365 713 correpti,
421 641 518 710 qui
566 637 909 703 fatebantur,
945 636 1157 694 deinde
1197 635 1405 693 indicio
1445 655 1645 693 eorum
1680 634 1985 694 'multitudo
2020 637 2218 705 ingens

96 735 254 794 haud
308 734 551 807 proinde
607 738 666 791 in
722 736 954 790 crimine
1013 731 1265 790 incendii
1322 752 1495 802 quam
1550 731 1687 789 odio
1726 730 1958 787 humani
1995 733 2219 802 generis
2242 742 2264 775 ⁵

99 833 348 891 convicti
395 837 542 890 sunt.
594 836 653 887 et
700 828 1075 900 pereuntibus
1115 826 1314 884 addita
1351 826 1625 891 ludibria.
1658 833 1722 884 ut
1760 826 2010 885 ferarum
2047 828 2222 896 tergi-s

99 930 352 986 contecti
386 926 604 984 laniatu
623 945 830 983 canum
847 927 1148 981 interirent
1169 930 1268 981 aut
1288 922 1552 980 crucibus
1573 921 1733 982 affixi
1754 921 1871 990 [aut
1892 920 2222 979 flammandi

99 1022 312 1094 atquel,
361 1021 461 1079 ubi
500 1020 811 1079 defecisset
847 1020 988 1086 dies,
1029 1023 1089 1077 in
1126 1039 1293 1076 usum
1330 1021 1599 1075 nocturni
1636 1017 1863 1075 luminis
1898 1023 2219 1074 urerentur.

98 1116 296 1176 hortos
353 1136 488 1175 suos
547 1120 602 1174 ei
639 1115 971 1187 spectaculo
1030 1114 1186 1171 Nero
1226 1113 1514 1171 obtulerat
1550 1119 1610 1171 et
1648 1117 1904 1171 circense
1946 1111 2223 1170 ludicrum

100 1213 330 1279 edebat,
380 1213 579 1269 habitu
630 1215 860 1283 aurigae
914 1214 1231 1300 permiggtus
1281 1209 1437 1280 plebi
1482 1209 1579 1287 'vel
1617 1209 1898 1265 curriculo
1933 1211 2219 1264 insistens.
2248 1227 2289 1260 ιο

100 1309 271 1375 unde.
309 1329 655 1380 quamquam
694 1307 971 1365 adversus
1011 1288 1212 1364 ξ’ὅῖιὶὲε
1250 1312 1307 1362 et
1343 1271 1657 1362 novissima
1688 1303 1951 1374 exempla
1970 1306 2220 1369 meritOS,

99 1408 391 1462 miseratio
412 1403 719 1468 oriebatur,
741 1411 1035 1473 tamquam
1053 1422 1173 1458 non
1192 1401 1434 1458 utilitate
1454 1400 1699 1471 publica,
1721 1399 1827 1456 sed
1846 1403 1905 1455 in
1923 1401 2223 1455 saevitiam

100 1504 267 1557 unius
308 1500 762 1558 absumerentur.

436 1616 616 1674 XLV.
688 1615 859 1674 Nero
895 1615 1028 1675 laat
1069 1614 1156 1672 de
1190 1613 1467 1687 tempels
1503 1613 1878 1685 plunderen.

174 1734 334 1792 XLV.
374 1734 599 1791 Interea
638 1733 1006 1791 conterendis
1045 1735 1302 1805 pecuniis
1341 1738 1677 1803 pervastata
1695 1731 1871 1797 Italia,
1892 1732 2224 1801 provinciae

104 1851 346 1888 eversae
405 1833 687 1901 sociique'
714 1830 911 1903 populi
968 1837 1027 1886 et
1084 1850 1234 1900 quae
1293 1831 1606 1885 civitatium
1662 1827 1878 1884 liberae
1928 1832 2223 1883 vocantur.
2251 1845 2291 1878 15

103 1930 278 1997 inque
319 1947 448 1983 eam
485 1925 763 1998 praedam
803 1928 977 1982 etiam
1016 1924 1094 1981 dii
1132 1916 1390 2018 cessere§
1430 1924 1688 1994 spoliatis
1726 1926 1785 1979 in
1822 1921 1965 1978 urbe
2002 1921 2226 1992 templis
2325 1908 2351 1981 l‘
2382 1970 2389 1995 z

105 2029 422 2093 egestoque
463 2043 622 2088 aure,
662 2022 820 2092 quod
857 2020 1170 2092 triumphiS,
1212 2020 1371 2090 quod
1396 2023 1546 2076 votis
1569 2022 1752 2075 omnis
1771 2017 1967 2089 populi
1985 2017 2226 2074 Romani
2310 1984 2331 2049 l
2394 2022 2397 2025 ⁴

106 2125 268 2174 aetas
323 2137 603 2189 prospere
662 2124 761 2174 aut
815 2120 875 2173 in
926 2123 1083 2173 metu
1140 2120 1486 2172 sacraverat.
1547 2117 1839 2171 enimvero
1884 2133 1989 2184 per
2026 2111 2227 2169 Asiam

105 2220 279 2284 atque
316 2213 597 2270 Achaiam
633 2233 752 2270 non
783 2212 938 2269 dona
958 2218 1197 2277 tantum,
1220 2211 1326 2268 sed
1346 2211 1651 2268 simulacra
1668 2213 1962 2266 numinum
1983 2207 2225 2279 abripie-

103 2309 331 2375 bantur,
383 2313 570 2366 missis
620 2313 678 2365 in
736 2329 835 2365 eas
874 2311 1199 2379 provincias
1237 2307 1458 2363 Acrato
1499 2313 1558 2362 et
1597 2305 1868 2362 Secundo
1907 2304 2223 2360 Carrinate.
2249 2332 2292 2364 20

196 2467 239 2508 4.
271 2467 353 2520 qui
382 2462 661 2516 fatebuntur,
679 2479 746 2508 sc.
763 2468 949 2520 sponte,
970 2462 1027 2508 cf.
1048 2465 1117 2515 11,
1138 2465 1157 2507 1
1177 2480 1186 2507 ε
1205 2462 1343 2507 fateri
1364 2461 1650 2518 gloriamque
1667 2461 1890 2505 facinoris
1906 2458 2030 2504 ultro
2046 2464 2225 2515 petere.

193 2525 236 2568 5.
268 2523 393 2577 odio,
423 2522 647 2568 hiervoor
677 2538 912 2568 eveneens
943 2528 991 2567 te
1026 2521 1239 2566 denken:
1273 2523 1342 2574 in;
1387 2537 1508 2566 voor
1540 2520 1598 2565 de
1632 2521 1919 2565 constructie
1953 2519 2013 2563 ef.
2047 2517 2147 2563 Cic.
2179 2534 2225 2575 p.

107 2580 236 2628 Sulla
265 2584 346 2627 83:
379 2585 567 2639 quoties
597 2584 844 2638 quisquam
876 2587 948 2626 est
978 2583 1027 2626 in
1057 2581 1149 2626 hoc
1181 2579 1360 2625 scelere
1394 2581 1666 2631 convictus;
1710 2578 1825 2623 daar
1855 2577 1914 2622 de
1947 2577 2226 2622 Christenen

108 2640 201 2686 den
232 2649 430 2697 omgang
459 2646 554 2686 met
585 2642 644 2686 de
675 2640 908 2686 heidenen
938 2639 1194 2685 vermeden
1226 2655 1285 2684 en
1315 2638 1419 2684 zich
1449 2654 1532 2683 ver
1548 2637 1737 2683 hielden
1752 2653 1844 2682 van
1862 2636 1950 2682 alle
1967 2637 2149 2682 feesten
2167 2651 2227 2680 en

109 2700 270 2803 offefirs,
301 2700 666 2804 verdazhtdmen
695 2699 789 2746 hen
820 2715 913 2745 van
943 2699 1055 2744 haat
1085 2701 1244 2755 iegens
1275 2697 1357 2743 het
1387 2697 1690 2754 menschelijk
1721 2695 1943 2753 geslacht.
2145 2710 2148 2713 ·

228 2791 239 2803 .
270 2762 426 2816 tergis,
489 2761 536 2804 ui
572 2775 645 2804 en.

195 2820 238 2862 9.
270 2817 428 2863 hortos
459 2833 587 2871 suos,
618 2833 707 2862 aan
738 2817 798 2862 de
831 2817 1062 2873 overzijde
1094 2832 1187 2861 van
1219 2815 1311 2860 den
1343 2813 1497 2868 Tiber,
1530 2817 1576 2859 in
1610 2813 1669 2859 de
1700 2813 1833 2858 vallis
1866 2813 2108 2858 Vaticana.

170 2880 239 2922 11.
271 2875 497 2933 exempla,
514 2877 725 2928 straffen,
737 2876 812 2921 die
828 2882 901 2922 tot
917 2874 1179 2922 voorbeeld
1195 2891 1315 2920 voor
1333 2874 1540 2920 anderen
1556 2878 1770 2918 moesten
1781 2873 1974 2924 dienen;
1995 2872 2054 2916 cf.
2070 2874 2138 2924 12,
2153 2873 2226 2916 20.

171 2939 239 2982 12.
273 2940 319 2980 in
350 2938 594 2981 saevitiam
626 2938 775 2988 unius,
808 2941 939 2981 vert:
975 2951 1051 2980 om
1084 2934 1143 2979 de
1163 2967 1173 2978 .
1194 2966 1203 2979 .
1227 2939 1304 2978 ,te
1335 2932 1638 2988 bevredigen.

170 2995 302 3040 XLV.
339 2998 406 3040 14.
438 2994 736 3039 conferendis
767 2998 994 3049 pecuniis,
1027 2994 1108 3039 dat
1138 2993 1195 3050 hij
1229 2993 1306 3038 n.l.
1337 2991 1514 3048 noodig
1544 2991 1638 3037 had
1671 3007 1746 3036 om
1778 2989 1839 3036 de
1870 2988 1991 3043 stad,
2009 3005 2068 3034 en
2083 3004 2225 3034 voor-

108 3054 328 3111 namelijk
357 3058 444 3109 zijn
474 3053 637 3110 paleis,
669 3070 732 3109 op
764 3059 811 3099 te
843 3053 1062 3099 bouwen.

172 3117 241 3158 14.
271 3116 556 3169 provinciae,
602 3112 839 3158 hiermede
899 3111 1097 3158 worden
1152 3111 1210 3156 de
1258 3109 1550 3165 stipendiarii
1594 3107 1815 3154 bedoeld.
1861 3110 1993 3160 socii,
2039 3106 2140 3151 hier
2180 3111 2226 3151 te

110 3171 299 3218 denken
345 3188 434 3217 aan
466 3171 526 3216 de
558 3173 772 3217 civitates
801 3170 1094 3224 foederatae,
1126 3169 1279 3215 welke
1310 3169 1485 3225 vrijwel
1516 3166 1864 3223 onafhankelijk
1894 3181 2069 3218 waren,
2102 3165 2227 3210 doch

113 3236 314 3288 troepen
345 3236 560 3277 moesten
590 3230 792 3275 leveren.

170 3293 238 3335 16.
270 3294 317 3334 in
350 3305 451 3334 earn
483 3289 711 3345 praedam
730 3323 739 3334 .
758 3321 768 3332 .
788 3321 798 3332 .
818 3304 1016 3341 cessere.
1048 3287 1242 3333 werden
1274 3303 1361 3331 een
1396 3285 1502 3331 deel
1532 3301 1624 3331 van
1656 3284 1764 3329 dien
1796 3284 1910 3328 buit.

173 3352 242 3394 17.
273 3347 528 3404 triumphis,
569 3368 607 3381 =
645 3347 703 3404 bij
737 3346 1043 3404 gelegenheid
1070 3363 1161 3393 van
1194 3344 1548 3392 triumftochten

175 3410 244 3452 18.
275 3423 502 3464 prospere
541 3427 579 3441 =
616 3409 663 3451 in
694 3407 835 3452 rebus
866 3406 1099 3453 secundis.

173 3469 243 3512 19.
276 3467 416 3520 dona,
449 3465 839 3523 wijgeschenken.

172 3528 244 3570 20.
276 3525 494 3571 Secundo
527 3524 788 3577 Carrinate.
819 3522 1069 3569 misschien
1085 3539 1174 3568 een
1190 3538 1314 3568 zoon
1330 3537 1421 3566 van
1440 3520 1533 3565 den
1550 3519 1713 3566 rhetor
1731 3519 1949 3565 Carrinas
1965 3516 2226 3568 SecunduS,

115 3582 190 3628 die
237 3584 359 3630 door
404 3583 614 3641 Caligula
658 3583 930 3628 verbannen
975 3598 1086 3635 was,
1139 3582 1198 3626 cf.
1246 3581 1336 3627 Dio
1384 3583 1455 3633 59,
1502 3581 1560 3623 20
1591 3594 1652 3624 en
1682 3577 1854 3623 Juven.
1887 3581 1928 3630 7,
1959 3579 2074 3622 204:
2106 3579 2228 3621 sicut
2267 3601 2269 3603 ·

117 3642 452 3699 Thrasymaehi
482 3643 655 3700 probat
687 3645 836 3688 exitus
868 3647 1010 3698 atque
1042 3639 1247 3686 Secundi
1278 3640 1547 3685 Carrinatis.
