2574 3912
571 231 675 288 AB
712 229 1054 289 Eerssu
1090 229 1241 286 mvl
1270 199 1603 286 Auousn
1639 226 1756 285 xv,
2152 231 2225 284 55

115 396 524 454 coniurationis
580 392 945 449 manifestum
983 397 1363 461 compererat,
1415 390 1523 447 sed
1559 396 1622 446 ut
1660 389 1816 446 {erro
1855 397 2226 461 grassaretur,

116 474 347 564 quando
365 509 653 546 venenum
673 508 794 544 non
811 493 1195 559 processerat.
1218 486 1374 543 solus
1397 489 1608 557 quippe
1631 485 1851 543 Natalis
1871 493 1932 542 et
1951 486 2229 543 hactenus

114 590 407 659 prompsit,
447 588 680 642 missum
718 604 783 640 se
823 582 901 639 ad
939 589 1235 654 aegrotum
1275 580 1574 647 Senecam,
1615 584 1698 638 uti
1735 584 1949 639 viseret
1975 601 2229 653 conque-

114 687 470 752 rereturque,
508 701 609 738 cur
644 679 912 736 Pisonem
951 678 1108 735 aditu
1148 683 1399 734 arceret:
1438 677 1642 734 melius
1681 677 1824 744 iore,
1857 680 1905 734 si
1925 680 2229 734 amicitiam

117 765 374 834 familiari
393 787 700 847 congressu
720 776 1142 838 exercuissent;
1166 780 1223 830 et
1238 772 1610 843 respondisse
1631 772 1914 830 Senecam
1934 792 2229 830 sermones
2253 785 2276 819 ⁵

118 879 343 930 mutuos
397 879 457 928 et
501 870 706 927 crebra
744 869 1034 940 colloquia
1072 872 1261 926 neutri
1299 867 1657 935 conducere;
1698 875 1954 925 ceterum
1990 867 2232 925 salutem

116 987 276 1025 suam
329 966 717 1024 incolumitate
768 964 990 1022 Pisonis
1048 967 1227 1021 inniti.
1285 964 1429 1020 haec
1484 964 1635 1019 ferre
1676 962 1894 1020 Gavius
1949 962 2229 1030 SilvanuS,

116 1062 372 1121 tribunus
407 1064 735 1133 praetoriae
775 1060 1043 1126 cohortiS,
1086 1068 1144 1116 et
1182 1081 1258 1115 an
1293 1059 1447 1116 dicta
1469 1059 1690 1116 Natalis
1710 1079 1930 1130 suaque
1950 1078 2233 1130 responsa

117 1164 398 1224 nosceret,
451 1160 815 1229 percunctari
854 1155 1137 1213 Senecam
1184 1155 1431 1212 iubetur.
1471 1159 1518 1211 is
1559 1154 1709 1211 forte
1749 1175 1823 1211 an
1860 1155 2117 1226 prudens
2157 1154 2233 1211 ad

118 1275 247 1311 eum
287 1253 440 1310 diem
479 1274 554 1310 ex
594 1251 912 1323 Campania
948 1258 1313 1308 remeaverat
1351 1257 1732 1321 quartumque
1774 1251 1928 1322 apud
1983 1249 2233 1320 lapidem
2259 1272 2301 1305 ιο

118 1348 449 1407 suburbano
487 1369 619 1405 rure
659 1348 1011 1405 substiterat.
1051 1347 1146 1403 illo
1186 1350 1511 1418 propinqua
1531 1367 1779 1417 vespera
1797 1346 2058 1403 tribunus
2079 1348 2235 1401 venit

119 1452 178 1502 et
214 1445 405 1502 villam
440 1443 622 1515 globis
660 1444 897 1500 militum
934 1447 1175 1514 saepsit:
1215 1449 1336 1499 tum
1373 1446 1496 1513 ipse
1537 1463 1666 1499 cum
1703 1441 1975 1513 Pompeia
1998 1440 2234 1498 Paulina

118 1560 298 1597 uxore
338 1547 397 1597 et
436 1543 629 1596 amicis
669 1539 895 1596 duobus
936 1538 1189 1609 epulanti
1224 1538 1497 1595 mandata
1535 1542 1895 1608 imperatoris
1935 1537 2129 1595 edidit.

910 1720 1060 1779 LXI.
1135 1721 1426 1794 Vervolg.

192 1903 326 1961 LXI.
403 1903 630 1962 Seneca
681 1909 914 1963 missum
954 1906 1029 1962 ad
1067 1925 1130 1961 se
1169 1904 1433 1962 Natalem
1472 1902 1964 1976 conquestumque
2002 1908 2234 1961 nomine

118 2000 355 2067 PisoniS,
406 2001 563 2072 quod
618 2022 652 2058 a
689 2002 931 2058 visendo
972 2022 1044 2058 eo
1081 2001 1499 2072 prohiberetur,
1542 2021 1720 2072 seque
1756 2005 2039 2058 rationem
2076 2000 2301 2061 vale-15

121 2096 330 2153 tudinis
388 2103 447 2153 et
504 2117 761 2153 amorem
819 2101 1024 2168 quietis
1083 2100 1448 2153 excusavisse
1499 2096 1812 2168 respondit.
1854 2117 1956 2153 cur
1994 2095 2237 2153 salutem

119 2194 327 2263 privati
360 2191 605 2249 hominis
641 2191 1016 2249 incolumitati
1036 2212 1176 2249 suae
1199 2192 1530 2259 anteferret,
1553 2213 1785 2249 causam
1803 2213 1921 2249 non
1939 2190 2233 2257 habuisse;

117 2275 230 2344 nec
285 2287 394 2344 sibi
447 2294 774 2359 promptum
830 2291 886 2344 in
937 2288 1297 2344 adulationes
1336 2291 1638 2360 ingenium.
1678 2287 1850 2358 idque
1886 2287 2023 2345 nulli
2060 2290 2237 2359 magis

208 2509 252 2552 2.
284 2508 473 2564 quando
508 2523 732 2554 venenum
763 2525 856 2554 non
886 2514 1198 2566 processerat,
1226 2510 1286 2554 cf.
1306 2525 1345 2553 e.
1364 2512 1444 2554 45:
1464 2508 1695 2554 tradidere
1714 2507 1900 2565 quidam
1920 2541 1930 2553 .
1948 2542 1959 2553 .
1979 2541 1989 2552 .
2005 2523 2238 2553 vencnum
2294 2551 2296 2553 ,

122 2571 353 2624 paratum.
1116 2577 1126 2585 ‘

211 2628 255 2670 2.
286 2625 512 2671 hactenus
549 2641 588 2654 =
628 2625 781 2671 alleen
812 2626 894 2671 dit.

211 2687 253 2729 5.
284 2700 524 2730 sermones
538 2690 736 2737 mutuos,
753 2685 915 2742 hierbij
933 2688 973 2731 is
990 2690 1037 2730 te
1055 2685 1242 2731 denken
1260 2702 1349 2731 aan
1366 2685 1839 2741 onderhandelingen,
1859 2684 1978 2731 door
1994 2683 2237 2731 tusschen-

123 2759 361 2800 personen
392 2749 441 2789 te
471 2759 664 2790 voeren.

211 2804 254 2846 6.
285 2801 479 2847 salutem
524 2818 659 2848 suam
678 2835 687 2846 .
707 2835 717 2847 .
737 2837 747 2848 .
766 2805 909 2854 inniti,
940 2804 1065 2849 salus
1096 2820 1154 2848 en
1186 2803 1482 2848 incolumitas
1513 2807 1600 2859 zijn
1631 2805 1937 2858 synoniemen
1969 2803 2031 2856 (Ξ
2068 2802 2236 2856 leven),

123 2876 182 2905 m.
202 2877 319 2906 a.w.
365 2876 456 2906 zou
503 2860 687 2907 Seneca
731 2861 939 2907 bedoeld
969 2862 1171 2914 hebben,
1205 2862 1286 2907 dat
1316 2867 1402 2919 zijn
1433 2862 1571 2907 leven
1601 2878 1694 2907 van
1725 2861 1806 2907 het
1836 2861 1974 2906 leven
2004 2877 2097 2907 van
2127 2861 2235 2906 Piso

124 2919 410 2976 afhankelijk
439 2936 550 2970 was,
582 2920 742 2965 indien
773 2920 859 2967 dus
892 2921 951 2967 de
969 2924 1334 2978 samenzwering
1349 2921 1550 2978 gelukte.

213 2981 255 3023 7.
290 2977 473 3024 Gavius
507 2978 743 3030 Silvanus,
777 2979 837 3024 cf.
869 2996 910 3025 c.
941 2983 1000 3026 50
1032 2997 1091 3026 en
1123 2983 1193 3025 71.

210 3041 254 3083 9.
286 3042 501 3082 nosceret
535 3053 574 3067 =
613 3038 937 3094 adgnosceret,
970 3039 1030 3084 cf.
1061 3043 1103 3092 2,
1135 3042 1216 3084 28:
1250 3044 1298 3083 et
1329 3040 1410 3095 qui
1440 3041 1566 3083 servi
1597 3038 1762 3083 eadem
1791 3043 2060 3083 noscerent.

67 3152 70 3155 Α
185 3099 254 3141 12.
285 3095 508 3152 Pompeia
554 3096 770 3150 Paulina,
813 3098 928 3143 deze
959 3115 1058 3143 was
1088 3097 1318 3143 waarseh.
1351 3098 1410 3142 de
1443 3097 1644 3143 dochter
1675 3098 1744 3151 (of
1773 3097 1944 3150 zuster)
1976 3113 2068 3141 van
2099 3095 2236 3141 Pom-

124 3157 259 3211 peius
290 3154 522 3207 Paulinus,
555 3154 631 3200 die
662 3158 710 3201 in
743 3159 812 3209 13,
844 3159 902 3202 53
931 3157 1088 3202 wordt
1118 3156 1327 3202 vermeld
1358 3158 1424 3201 als
1455 3156 1774 3202 bevelhebber
1792 3154 1876 3200 der
1891 3155 2025 3200 Rom.
2038 3161 2238 3212 troepen

124 3217 173 3260 in
203 3213 458 3259 Germania
485 3214 704 3267 inferior:
737 3217 786 3259 in
819 3218 888 3267 15,
922 3218 977 3261 18
1006 3219 1045 3261 is
1076 3216 1134 3273 hij
1168 3232 1256 3261 een
1288 3216 1372 3261 der
1402 3218 1430 3261 3
1460 3215 2004 3271 belastingdirecteuren.

184 3272 295 3318 LXI.
330 3276 397 3318 15.
430 3276 655 3318 rationem
690 3273 970 3319 valetudinis
987 3307 997 3319 .
1017 3309 1026 3318 .
1047 3308 1056 3319 .
1076 3278 1391 3320 excusavisse.
1422 3280 1539 3320 vert.
1560 3292 1569 3320 :
1602 3275 1704 3320 zich
1735 3280 1831 3319 met
1861 3273 1943 3319 het
1961 3282 2054 3329 oog
2072 3289 2133 3330 op
2150 3276 2238 3330 zijn

126 3363 137 3375 .
158 3364 169 3376 .
187 3365 198 3376 .
215 3331 672 3388 verontschuldigen.

187 3394 255 3436 17.
286 3394 461 3447 privati
503 3390 717 3441 hominiS,
763 3390 840 3435 h.l.
870 3394 919 3436 in
949 3392 1276 3449 tegenstelling
1307 3397 1402 3437 met
1433 3392 1514 3437 het
1543 3392 1723 3448 welzijn
1754 3409 1798 3436 v.
1831 3390 1875 3435 d.
1906 3390 2064 3435 keizer
2094 3389 2238 3446 gebr„

126 3454 221 3494 met
251 3449 366 3494 deze
395 3449 627 3495 woorden
656 3449 869 3506 bestrijdt
899 3450 956 3506 hij
989 3453 1048 3496 de
1079 3451 1434 3508 geinsinueerde
1464 3451 1716 3496 woorden:
1745 3450 1944 3495 salutem
1959 3465 2090 3495 suam
2105 3451 2237 3494 inco-

126 3506 340 3554 lumitate
371 3508 556 3554 Pisonis
587 3511 736 3554 inniti.

187 3568 257 3611 18.
285 3572 547 3623 promptum
578 3571 626 3612 in
657 3564 968 3619 adulationes,
1000 3568 1060 3613 cf.
1092 3568 1187 3614 Sen
1219 3568 1278 3614 de
1310 3568 1571 3614 Clementia
1585 3570 1625 3620 2,
1645 3570 1686 3620 2,
1704 3570 1760 3612 2:
1789 3567 1961 3612 diutius
1976 3582 2050 3611 me
2066 3569 2240 3612 morari

126 3622 203 3670 hic
232 3631 411 3682 patere,
441 3642 540 3671 non
570 3632 621 3671 ut
651 3625 873 3671 blandum
904 3627 1094 3672 auribus
1126 3630 1244 3673 tuis:
1278 3644 1367 3672 nec
1399 3630 1522 3672 enim
1553 3626 1663 3671 mihi
1680 3626 1757 3672 hic
1773 3642 1874 3671 mos
1889 3630 1976 3671 est.
1992 3625 2237 3671 Maluerim

127 3685 249 3728 veris
280 3684 527 3730 offendere
558 3700 697 3742 quam
726 3684 916 3742 placere
948 3685 1198 3731 adulando.
