2574 3912
642 193 747 250 AB
785 191 1123 250 EXCESSU
1161 191 1311 249 DIVI
1346 190 1679 249 AUGUSTI
1715 190 1833 248 XV.
2224 195 2294 249 39

177 356 392 413 fossam
429 375 613 426 usque
651 355 728 411 ad
765 357 913 411 ostia
926 353 1194 410 Tiberina
1214 352 1593 424 depressuros
1615 357 1995 424 promiserant
2014 352 2297 424 squalenti

176 451 342 545 litore
370 457 469 508 aut
486 471 591 522 per
611 456 838 506 montes
857 448 1152 506 adversos.
1177 469 1366 519 neque
1390 452 1540 504 enim
1561 447 1712 505 aliud
1731 448 1984 505 umidum
2002 447 2295 519 gignendis

179 551 341 618 aquis
399 549 643 603 occurrit
699 566 871 616 quam
926 543 1261 615 Pomptinae
1316 544 1592 614 paludes:
1653 551 1849 600 cetera
1902 544 2146 616 abrupta
2197 550 2296 600 aut

179 645 415 708 arentia,
472 662 539 698 ac
597 645 646 697 si
703 643 996 712 perrumpi
1051 645 1306 711 possent,
1366 639 1760 696 intolerandus
1806 640 1971 696 labor
2007 661 2116 696 nec
2156 643 2294 696 satis

179 759 407 796 causae.
478 736 632 794 Nero
691 744 900 802 tamen,
958 742 1021 792 ut
1080 743 1205 792 erat
1259 735 1674 792 incredibilium
1731 739 1972 806 cupitor,
2032 735 2295 792 effodere
2319 751 2340 784 5

176 837 437 906 proxima
474 832 709 889 Averno
747 835 880 902 iuga
918 834 1148 888 conisus
1188 838 1293 897 est,
1314 837 1660 902 manentque
1682 834 1924 901 vestigia
1942 834 2136 888 irritae
2158 834 2296 901 spei.
2337 835 2383 876 λ’

567 970 781 1029 XLIII.
855 971 956 1028 De
995 970 1258 1028 aanblik
1296 969 1413 1028 der
1448 972 1698 1028 nieuwe
1740 969 1901 1028 stad.
2259 894 2313 951 J

122 1052 257 1155 f
248 1111 425 1168 XLIII.
503 1110 778 1168 Ceterum
832 1111 1007 1177 urbiS,
1049 1132 1198 1182 quae
1254 1111 1450 1168 domui
1492 1117 1848 1181 supererant,
1888 1131 2023 1176 non,
2062 1117 2127 1166 ut
2162 1116 2296 1181 post
2456 1186 2465 1194 ψ

177 1205 396 1265 Gallica
433 1207 714 1267 incendia,
753 1206 910 1262 nulla
935 1207 1140 1263 distinc
1170 1227 1282 1262 one
1303 1227 1412 1262 nec
1430 1210 1645 1277 passim
1666 1218 1876 1272 erecta,
1899 1206 2004 1263 sed
2025 1205 2295 1262 dimensis
2370 1195 2452 1336 [L

174 1300 432 1360 vicoriim
471 1301 764 1359 ordinibus
806 1309 864 1358 et
901 1302 1030 1358 latis
1058 1305 1278 1358 viarum
1298 1305 1494 1372 spatiis
1516 1301 1880 1372 cohibitaque
1905 1301 2298 1359 aedificiorum

176 1398 472 1456 altitudine
513 1419 581 1454 ac
618 1398 922 1468 patefactis
962 1401 1112 1455 areis
1152 1397 1475 1468 additisque
1513 1398 1845 1468 porticibus,
1868 1418 2017 1469 quae
2045 1398 2294 1454 frontem
2319 1413 2362 1445 10

173 1493 483 1550 insularum
520 1499 908 1564 protegerent.
949 1514 1049 1549 eas
1068 1497 1323 1564 porticus
1343 1493 1499 1550 Nero
1521 1515 1625 1550 sua
1643 1497 1887 1564 pecunia
1908 1500 2298 1550 extructurum

173 1595 559 1660 purgatasque
581 1609 748 1645 areas
771 1587 1014 1645 dominis
1029 1588 1369 1645 traditurum
1381 1589 1667 1659 pollicitus
1685 1596 1788 1645 est.
1809 1589 2028 1645 addidit
2042 1592 2298 1660 praemia

173 1705 281 1756 pro
339 1688 615 1755 cuiusque
677 1683 878 1740 ordine
928 1691 986 1741 et
1023 1687 1107 1740 rei
1146 1684 1432 1741 familiaris
1472 1688 1669 1755 copiiS,
1711 1685 2011 1756 finivitque
2051 1691 2295 1755 tempUS,

173 1784 323 1836 intra
379 1779 537 1850 quod
594 1779 818 1836 effectis
878 1779 1140 1836 domibus
1196 1786 1296 1836 aut
1352 1780 1547 1837 insulis
1619 1783 2028 1851 apiscerentur.
2102 1781 2297 1838 ruderi

175 1875 515 1946 accipiendo
575 1875 874 1932 Ostienses
931 1875 1172 1946 paludes
1231 1876 1577 1942 destinabat,
1634 1880 1829 1947 utique
1886 1898 2085 1943 naveS,
2145 1898 2293 1948 quae
2322 1899 2364 1932 15

175 1971 522 2028 frumentum
570 1970 763 2027 Tiberi
801 1971 1318 2037 subvectavissent,
1359 1979 1602 2029 onustae
1641 1972 1851 2029 rudere
1892 1972 2293 2038 decurrerent;

175 2066 554 2137 aedificiaque
608 2071 734 2137 ipsa
791 2074 950 2124 certa
1009 2071 1096 2124 sui
1151 2074 1316 2138 parte
1374 2072 1496 2124 sine
1553 2068 1812 2125 trabibus
1871 2090 2014 2125 saxo
2066 2068 2295 2125 Gabino

173 2161 478 2219 Albanove
518 2162 913 2223 solidarentur,
955 2163 1114 2233 quod
1151 2167 1198 2219 is
1236 2163 1380 2234 lapis
1419 2162 1640 2234 ignibus
1679 2168 1990 2235 impervius
2030 2171 2147 2231 est;
2183 2168 2296 2220 iam

175 2277 327 2328 aqua
363 2260 718 2328 privatorum
755 2258 985 2315 licentia
1023 2262 1348 2329 intercepta
1386 2280 1500 2329 quo
1539 2260 1748 2330 largior
1789 2266 1847 2315 et
1878 2259 2134 2330 pluribus
2155 2260 2294 2316 locis

265 2436 304 2478 1.
337 2433 647 2490 depressuros
669 2451 708 2464 =
733 2443 919 2490 graven‚
938 2435 998 2480 cf.
1017 2434 1144 2481 Suet.
1162 2435 1288 2480 Nero
1308 2436 1642 2481 c.31=fossam
1660 2437 1719 2482 ab
1737 2436 1932 2482 Averno
1951 2436 2131 2481 Ostiam
2145 2453 2294 2493 usque

175 2492 479 2547 (inchoabat),
510 2499 562 2539 ut
592 2493 790 2539 navibus
820 2511 910 2538 nec
927 2500 1084 2539 tamen
1099 2497 1213 2539 mari
1228 2497 1388 2548 iretur,
1406 2495 1707 2551 longitudinis
1720 2513 1806 2553 per
1837 2501 2026 2541 centum
2056 2499 2297 2552 sexaginta

170 2552 295 2596 milia
339 2551 610 2605 latitudinis,
643 2569 736 2610 qua
775 2556 1039 2598 contrariae
1082 2556 1443 2610 quinqueremes
1487 2560 1818 2600 commearent.
1851 2554 2098 2611 squalenti,
2129 2560 2295 2608 woest,

175 2610 236 2656 cf.
267 2610 403 2667 Verg.
436 2610 607 2668 Georg.
643 2615 681 2656 1.
714 2614 824 2656 507:
858 2612 1074 2669 squalent
1105 2612 1321 2657 abductis
1353 2630 1466 2659 arva
1496 2614 1693 2659 colonis.

263 2672 305 2714 2.
335 2670 580 2726 gignendis
619 2686 658 2699 =
694 2671 992 2727 praebendis.

263 2731 305 2773 5.
338 2732 530 2784 cupitor,
561 2745 795 2775 eveneens
826 2730 954 2786 gebr.
988 2733 1056 2783 12,
1089 2734 1131 2775 7.

233 2785 385 2832 XLIII.
418 2791 458 2832 7.
492 2788 635 2841 urbis,
668 2805 788 2843 quae
822 2790 981 2834 domui
1011 2795 1300 2845 supererant,
1332 2794 1427 2834 wat
1458 2794 1545 2846 zijn
1576 2790 1725 2847 paleis
1755 2806 1848 2836 van
1881 2790 1939 2835 de
1957 2790 2062 2835 stad
2080 2791 2292 2843 overliet,

173 2862 296 2892 voor
326 2845 486 2892 domui
517 2863 775 2904 superesse.
810 2849 869 2893 cf.
902 2849 958 2893 H.
994 2852 1032 2902 1,
1066 2852 1135 2901 79,
1169 2852 1249 2906 qui
1279 2849 1463 2905 proelio
1495 2849 1844 2906 superfuerant.

263 2907 308 2950 9.
340 2908 560 2959 vicorum,
594 2906 653 2951 cf.
686 2923 726 2951 c.
758 2909 829 2952 38.

237 2966 305 3008 10.
352 2963 526 3009 additis
565 2964 835 3020 porticibus,
884 2966 943 3011 cf.
977 2965 1106 3012 Suet.
1138 2965 1246 3010 Ner.
1282 2968 1358 3010 16:
1391 2966 1589 3012 formam
1621 2966 1932 3013 aedificiorum
1962 2966 2091 3012 urbis
2120 2983 2293 3013 novam

175 3025 474 3078 excogitavit,
521 3029 569 3068 et
614 3029 666 3069 ut
711 3030 822 3070 ante
852 3025 1027 3071 insulas
1060 3042 1114 3070 ac
1148 3025 1314 3070 domos
1344 3028 1556 3081 porticus
1588 3030 1760 3079 essent,
1794 3026 1853 3071 de
1885 3042 2080 3083 quarum
2110 3026 2293 3072 solariis

174 3081 395 3127 incendia
425 3088 695 3128 arcerentur
705 3099 719 3134 ,·
750 3100 925 3140 easque
957 3090 1144 3141 sumptu
1175 3101 1261 3130 suo
1295 3088 1534 3129 exstruxit.

236 3141 305 3185 14.
337 3144 458 3185 intra
492 3141 632 3197 quod,
663 3141 868 3188 behoort
897 3143 982 3199 bij:
1029 3144 1214 3188 effectis
1233 3176 1242 3187 .
1262 3176 1272 3187 .
1292 3177 1302 3187 .
1335 3144 1510 3195 insulis,
1541 3149 1669 3188 vert:
1703 3143 1879 3189 binnen
1910 3142 2096 3188 welken
2129 3143 2188 3188 de
2222 3178 2231 3189 .
2252 3177 2261 3187 .
2281 3177 2290 3188 .

174 3199 392 3245 voltooid
422 3206 637 3245 moesten
668 3205 768 3257 zijn,
803 3217 881 3246 om
910 3219 964 3247 ze
996 3207 1043 3247 te
1075 3203 1349 3258 verkrijgen;
1383 3218 1503 3247 voor
1534 3202 1593 3247 de
1611 3205 1900 3248 constructie
1918 3203 1977 3247 cf.
1994 3205 2037 3256 4,
2054 3205 2134 3247 67:
2153 3218 2292 3258 quam

175 3258 372 3304 Seianus
404 3267 574 3314 augere
607 3262 746 3304 etiam
776 3262 825 3304 in
855 3260 972 3306 urbe
1004 3267 1163 3307 suetus
1195 3264 1347 3307 acrius
1379 3261 1615 3306 turbabat.
1648 3278 1706 3306 en
1723 3264 1765 3313 6,
1781 3265 1861 3306 45:
1882 3267 2060 3318 quanto
2077 3262 2291 3307 modicus

174 3319 368 3375 privatis
399 3317 795 3364 aedificationibus
825 3335 886 3363 ne
917 3320 1104 3377 publice
1137 3320 1326 3377 quidem
1355 3323 1445 3365 nisi
1476 3321 1569 3366 duo
1605 3337 1751 3377 opera
1781 3324 1961 3366 struxit.

239 3393 307 3435 17.
339 3405 458 3435 saxo
496 3389 696 3443 Gabitw,
728 3392 950 3445 tufsteen,
982 3394 1042 3438 cf.
1075 3393 1246 3439 Strabo
1280 3396 1320 3442 5,
1349 3396 1390 3446 3,
1426 3396 1502 3439 10:
1540 3384 1795 3453 Γάβιοι...
1821 3384 2070 3453 λατόμων
2090 3385 2291 3452 ἔχουσα

516 3458 542 3468 Ν
585 3453 598 3472 ξ

176 3453 439 3522 ὑπουργὸν
481 3476 546 3523 τη
607 3455 770 3523 Ρώμῃ
806 3456 1047 3523 μάλιστα
1084 3460 1188 3509 τῶν
1231 3458 1434 3510 ἄλλων.

236 3525 304 3567 18,
335 3509 595 3576 Albanove,
627 3527 694 3568 uit
724 3525 806 3569 het
837 3525 1110 3571 Albaansch
1142 3525 1363 3582 gebergte
1396 3527 1610 3582 (tegenw.
1643 3525 1806 3571 Monte
1840 3526 1970 3572 Cavo
2003 3526 2054 3571 of
2069 3525 2289 3578 Albano),

177 3597 414 3628 eveneens
444 3583 665 3627 tufsteen.

240 3643 307 3685 19.
339 3645 593 3697 intercepta
633 3657 672 3671 =
711 3641 829 3686 clam
861 3641 1065 3687 deducta
1096 3658 1155 3687 ex
1186 3642 1545 3699 aquaeductibus
1577 3643 1790 3700 publicis.
