2574 3912
277 167 345 220 14
1020 161 1366 220 CORNELII
1402 162 1651 220 TACITI

217 383 220 386 ,
277 325 540 396 indigens
597 324 906 390 videretur,
965 327 1024 381 in
1077 323 1308 381 diversa
1365 345 1433 381 ac
1484 325 1777 382 deteriora
1830 326 2127 384 transibat.
2167 334 2226 386 et
2262 335 2401 387 tunc

279 421 490 478 relictis
545 420 798 477 hibernis
854 441 975 477 non
1013 420 1230 477 fossam
1267 441 1460 492 neque
1501 421 1712 478 vallum
1751 421 1874 488 sibi,
1916 423 2022 479 sed
2057 444 2303 495 corpora
2342 431 2402 483 et

284 537 443 574 arma
497 520 557 572 in
612 517 842 573 hostem
898 516 1035 573 data
1088 516 1401 583 clamitanS,
1458 516 1618 573 duxit
1669 517 1922 588 legiones
1974 522 2140 590 quasi
2175 520 2400 591 proelio

276 620 612 669 certaturus.
665 611 875 669 deinde
931 616 1143 669 amisso
1198 616 1532 669 centurione
1587 619 1645 670 et
1695 617 1894 684 paucis
1928 614 2215 682 militibus,
2255 637 2400 688 quos

230 738 252 771 5
282 708 537 765 visendis
575 708 827 766 hostiurn
865 711 1046 779 copiis
1083 711 1477 779 praemiserat,
1515 709 1775 779 trepidus
1813 713 2111 767 remeavit.
2171 717 2229 768 et
2267 715 2403 783 quia

278 807 462 860 minus
504 807 711 860 acriter
748 803 1103 875 Vologaeses
1142 807 1442 865 institerat,
1482 825 1636 861 vana
1673 826 1867 862 rursus
1888 805 2100 862 fiducia
2119 809 2230 863 tria
2248 807 2403 864 milia

279 899 489 956 delecti
507 899 718 970 peditis
745 903 1009 970 proximo
1048 898 1220 956 Tauri
1252 903 1384 970 iugo
1423 903 1709 971 imposuit,
1751 921 1866 972 quo
1906 905 2210 959 transitum
2249 906 2401 974 regis

275 1002 570 1061 arcerent;
631 995 816 1052 alares
876 1016 1106 1066 quoque
1159 995 1505 1056 Pannonios,
1561 996 1739 1053 robur
1796 1000 2102 1068 equitatuS,
2140 1001 2199 1054 in
2236 1005 2403 1069 parte

278 1095 466 1163 campi
503 1092 671 1148 locat.
714 1095 923 1148 coniux
961 1113 1029 1148 ac
1087 1091 1235 1148 iilius
1291 1091 1544 1156 caste110‚
1603 1095 1695 1148 cui
1750 1092 2129 1151 Arsamosata
2188 1115 2403 1152 nomen

207 1211 251 1245 ιο
277 1195 382 1254 est,
442 1186 636 1255 abditi,
693 1187 831 1244 data
887 1191 945 1244 in
990 1184 1340 1259 praesidium
1380 1188 1619 1244 cohorte
1659 1209 1728 1245 ac
1768 1190 2029 1260 disperso
2069 1189 2264 1257 milite,
2303 1193 2404 1262 qui

275 1287 334 1340 in
371 1304 489 1340 uno
529 1283 758 1340 habitus
803 1297 1011 1356 vagum
1059 1283 1285 1340 hostem
1339 1288 1659 1354 promptius
1708 1289 2206 1365 sustentavissetq‘
2229 1299 2401 1358 aegre

273 1379 630 1451 compulsum
698 1381 904 1447 ierunt,
975 1387 1039 1436 ut
1101 1383 1410 1436 instantem
1467 1378 1786 1437 Corbuloni
1843 1382 2137 1439 fateretur.
2150 1407 2154 1431 ε
2167 1367 2174 1377 ”
2197 1403 2308 1439 nec
2367 1403 2403 1439 a

274 1475 608 1532 Corbulone
647 1483 1037 1547 properatum,
1079 1497 1194 1546 quo
1234 1476 1601 1547 gliscentibus
1639 1477 1909 1547 periculis
1950 1467 2135 1534 etiam
2164 1477 2403 1535 subsidii

275 1573 402 1628 laus
449 1579 772 1644 augeretur.
815 1573 1077 1643 expediri
1111 1572 1307 1628 ta'men
1355 1575 1544 1628 itineri
1602 1573 1823 1643 singula
1878 1574 2032 1630 milia
2090 1595 2163 1630 ex
2220 1573 2401 1630 tribus

204 1686 246 1721 15
269 1667 589 1739 legionibus
637 1675 695 1725 et
742 1668 950 1725 alarios
991 1672 1369 1740 octingentOS,
1409 1689 1610 1740 parem
1647 1690 1952 1726 numerum
1992 1691 2024 1726 e
2066 1669 2402 1728 cohortibus

267 1767 444 1821 iussit.

1087 1911 1189 1969 XI.
1266 1912 1559 1985 Vervolg.

346 2074 435 2130 XI.
511 2074 593 2131 At
648 2074 1020 2146 VologaeseS,
1078 2078 1338 2146 quamvis
1396 2075 1638 2132 obsessa
1696 2096 1730 2131 a
1785 2075 1966 2132 Paeto
2023 2078 2231 2132 itinera
2267 2075 2400 2134 hinc

271 2170 534 2242 peditatu
567 2171 703 2227 inde
739 2175 931 2242 equite
981 2174 1316 2242 accepisset,
1355 2171 1493 2227 nihil
1530 2177 1751 2228 mutato
1790 2163 2288 2276 consili095e‘d1vi
2331 2192 2399 2229 ac

270 2270 436 2323 minis
479 2267 663 2323 alares
705 2271 997 2334 exterruit,
1037 2267 1383 2338 legionarios
1404 2268 1656 2333 obtrivit,
1679 2288 1796 2324 uno
1817 2274 2039 2324 tantum
2059 2271 2397 2325 centurione

271 2361 566 2434 Tarquitio
591 2362 904 2420 Crescente
925 2367 1142 2429 turrim,
1166 2367 1224 2420 in
1244 2385 1360 2434 qua
1377 2363 1727 2435 praesidium
1767 2362 2037 2435 agitabat,
2079 2363 2398 2420 defendere

200 2474 246 2508 20
271 2480 414 2516 auso
454 2459 723 2530 iactaque
762 2463 992 2530 saepius
1017 2464 1316 2531 eruptione
1341 2468 1399 2517 et
1422 2464 1623 2526 caesis,
1647 2463 1744 2531 qui
1762 2458 2140 2516 barbarorum
2158 2463 2396 2532 propius

267 2556 798 2626 suggrediebantur,
856 2556 1044 2613 donec
1100 2559 1313 2627 ignium
1362 2559 1517 2613 iactu
1568 2558 2090 2612 circumveniretur.
2136 2555 2398 2626 peditum

357 2750 398 2792 3.
462 2751 602 2804 quasi
633 2781 643 2793 .
677 2781 687 2793 .
721 2781 731 2792 .
764 2781 774 2793 .
808 2752 1071 2793 certaturus
1117 2763 1162 2779 ==
1214 2747 1296 2794 Gr.
1342 2737 1416 2800 ὡς
1454 2736 1807 2807 μαχούμενος.

357 2810 398 2851 7.
462 2807 630 2852 delecti
657 2807 843 2863 peditis,
874 2808 951 2852 n.l.
982 2810 1052 2853 uit
1084 2807 1143 2852 de
1174 2807 1438 2863 legioenen‚
1473 2808 1533 2852 cf.
1566 2825 1606 2852 c.
1642 2808 1711 2860 11,
1742 2810 1798 2852 3:
1830 2806 2116 2862 legionarios
2148 2805 2356 2852 obtrivit.

357 2870 398 2911 7.
457 2870 674 2923 proximo
710 2866 852 2912 Tauri
880 2871 1002 2924 iuge.
1036 2867 1232 2923 volgens
1264 2867 1355 2912 Dio
1387 2869 1459 2919 62.
1490 2869 1545 2912 21
1580 2866 1713 2912 werd
1743 2866 1916 2911 Paetus
1948 2866 2006 2921 bij
2025 2865 2284 2920 Rhandeia.
2305 2881 2397 2912 aan

268 2923 360 2970 den
391 2925 636 2979 Arsanias,
669 2942 759 2971 een
798 2929 996 2981 zijrivier
1035 2927 1117 2976 vld
1149 2926 1406 2983 Euphraat.
1438 2926 1559 2971 door
1592 2926 1651 2971 de
1682 2926 1890 2971 Parthen
1921 2924 2160 2982 belegerd.
2191 2940 2299 2982 quo.
2330 2941 2395 2971 sc.

266 2986 391 3088 ἓιξο,
423 2990 669 3030 transitum
700 2989 825 3041 regis
858 2991 1085 3039 arcerent,
1117 2985 1438 3042 daarentegen
1479 2985 1597 3031 Hist.
1639 2989 1681 3038 4.
1732 2988 1815 3030 19:
1861 2990 1914 3030 ut
1960 2991 2146 3031 arceret
2196 2986 2395 3031 transitu

310 3051 491 3089 atavos.

355 3106 397 3147 8.
460 3101 636 3155 alares.
668 3103 735 3148 dit
766 3108 853 3160 zijn
886 3103 944 3148 de
976 3106 1147 3149 ruiters
1179 3103 1264 3149 der
1295 3103 1689 3160 bondgenooten.

355 3165 396 3207 9.
457 3163 789 3216 Arsamosata,
823 3163 891 3207 dit
921 3163 995 3219 lag
1026 3166 1072 3209 in
1106 3164 1164 3208 de
1197 3163 1338 3209 buurt
1369 3163 1454 3209 dex·
1484 3162 1783 3220 legerplaats,
1816 3178 1905 3207 aan
1953 3161 2046 3207 den
2091 3159 2395 3207 linkeroever

265 3236 358 3266 van
390 3221 482 3266 den
517 3222 757 3267 Arsanias.

329 3283 396 3325 10.
455 3281 660 3331 cohorte.
692 3282 807 3326 deze
839 3281 1044 3326 bestond
1075 3297 1312 3326 eveneens
1343 3283 1411 3327 uit
1443 3280 1833 3336 bondgenooten.

328 3339 402 3384 XI.
468 3343 535 3385 16.
567 3340 674 3385 hinc
707 3374 716 3384 .
751 3374 761 3385 .
795 3373 805 3384 .
840 3374 850 3385 .
884 3341 1006 3393 inde,
1041 3342 1099 3386 cf.
1137 3343 1204 3393 13,
1237 3343 1323 3386 38:
1370 3340 1481 3386 ideo
1530 3346 1680 3385 artum
1726 3340 1837 3385 inde
1883 3355 2127 3385 numerum
2172 3339 2298 3384 finiri
2345 3342 2394 3383 et

265 3397 374 3443 hinc
391 3403 617 3445 maiorem
644 3400 807 3445 offerri
839 3432 849 3443 .
885 3432 895 3444 .
929 3432 939 3444 .
973 3433 983 3445 .
1019 3402 1086 3445 17.
1119 3399 1207 3444 sed
1237 3403 1284 3444 υί
1299 3415 1356 3444 ac
1373 3403 1525 3451 minis,
1543 3416 1634 3444 een
1650 3399 1793 3444 lichte
1812 3398 2118 3451 anakolouth.
2137 3398 2286 3444 voluit
2301 3412 2393 3443 zou

266 3457 325 3501 de
356 3458 495 3503 uitdr.
527 3465 717 3504 moeten
748 3458 934 3504 luiden:
967 3459 1080 3504 nihil
1111 3464 1292 3505 mutato
1326 3459 1525 3504 consilio
1556 3459 1641 3504 sed
1673 3460 1855 3513 (itinere
1887 3458 2181 3511 continuato)
2223 3459 2269 3503 vi
2301 3462 2391 3501 etc.

267 3520 326 3567 vi,
360 3517 566 3563 behoort
597 3519 851 3564 chiastisch
884 3519 972 3575 bij:
1006 3518 1291 3574 legionarios
1321 3519 1529 3563 obtrivit.
1596 3520 1663 3564 18.
1696 3521 1849 3571 minis,
1881 3516 2087 3562 behoort
2119 3516 2207 3574 bij:
2241 3515 2394 3562 alares

265 3580 505 3622 exterruit.

324 3639 394 3680 20.
455 3636 582 3681 tacta
616 3639 857 3692 eruptione
889 3641 932 3681 et
961 3639 1129 3689 caesis,
1163 3652 1228 3682 sc.
1262 3635 1321 3681 ab
1354 3652 1429 3681 eo.
