2574 3912
575 262 681 321 AB
718 260 1057 320 EXCESSU
1093 261 1243 335 DIVI
1280 261 1614 320 AUGUSTI
1651 260 1770 318 XV.
2161 267 2227 319 51

117 428 404 495 indicium,
458 429 569 483 nisi
622 423 912 481 Milichum
966 444 1115 482 uxor
1172 423 1563 480 admonuisset
1617 423 1937 480 Antonium
1973 422 2236 480 Natalem

121 523 302 581 multa
338 542 467 578 cum
505 519 788 578 Scaevino
829 540 898 576 ac
933 526 1163 576 secreta
1201 518 1547 576 collocutum
1587 526 1647 575 et
1684 526 1814 575 esse
1853 525 2130 589 utrosque
2161 515 2235 575 C.

121 619 342 677 Pisonis
379 620 622 675 intimos.

2217 689 2254 709 ,s

926 775 1076 833 LVI.
1145 775 1437 848 Vervolg.

192 940 324 998 LVI.
364 939 514 1012 Ergo
555 942 771 996 accitur
808 937 1043 1004 Natalis,
1085 944 1144 994 et
1184 939 1396 995 diversi
1433 941 1870 1008 interrogantur,
1912 942 2173 1009 quisnam
2191 941 2239 996 is

126 1057 332 1102 sermo,
361 1054 505 1107 uqua
562 1034 636 1091 de
692 1054 755 1090 re
811 1033 1028 1090 fuisset.
1068 1040 1190 1090 tum
1229 1039 1431 1090 exorta
1469 1036 1735 1104 suspici0,
1777 1037 1911 1104 quia
1947 1054 2063 1091 non
2102 1055 2239 1091 con·
2264 1055 2285 1088 5

125 1133 385 1204 gruentia
420 1129 856 1201 responderant,
885 1128 1181 1199 inditaque
1208 1129 1410 1185 vincla.
1434 1134 1492 1185 et
1510 1135 1927 1185 tormentorum
1947 1135 2242 1200 aspectum

126 1247 194 1284 ac
250 1228 431 1283 minas
483 1245 600 1281 non
648 1224 866 1281 tulere:
907 1228 1063 1295 prior
1100 1231 1295 1281 tamen
1333 1222 1551 1280 Natalis
1589 1227 1763 1280 totius
1801 1228 2241 1295 conspirationis

126 1325 303 1394 magis
341 1333 566 1392 gnaruS,
605 1320 769 1377 simul
809 1318 1084 1390 arguendi
1120 1323 1375 1390 peritior,
1418 1319 1491 1376 de
1520 1318 1726 1376 Pisone
1747 1322 1990 1391 primum
2012 1320 2240 1381 fatetur.

126 1416 339 1475 deinde
402 1417 576 1473 adicit
627 1415 932 1472 Annaeum
990 1414 1286 1481 Senecam,
1348 1418 1469 1472 sive
1508 1419 1886 1472 internuntius
1925 1419 2075 1472 inter
2113 1437 2244 1472 eum

124 1513 502 1583 Pisonemque
557 1511 675 1577 fuit,
730 1515 850 1567 sive
905 1517 968 1567 ut
1005 1511 1250 1567 Neronis
1290 1515 1528 1583 gratiam
1565 1519 1813 1582 pararet,
1854 1514 1951 1582 qui
1987 1511 2243 1591 infensus
2270 1525 2310 1558 10

128 1607 388 1665 Senecae
445 1627 644 1663 omnes
704 1607 779 1663 ad
831 1627 962 1662 eum
1016 1606 1455 1677 opprimendum
1495 1614 1651 1664 artes
1691 1600 2245 1691 conquirebat7f2'fum

127 1707 357 1775 cognito
413 1699 631 1759 Natalis
687 1701 897 1758 indicio
957 1700 1273 1758 Scaevinus
1313 1722 1544 1773 quoque
1582 1705 1708 1773 pari
1744 1691 2129 1769 inbecillitate,
2170 1724 2245 1760 an

129 1806 337 1856 cuncta
390 1801 503 1855 iam
554 1797 849 1868 patefacta
897 1797 1141 1854 credens
1178 1818 1286 1854 nec
1325 1798 1500 1854 ullum
1537 1798 1743 1855 silentii
1782 1799 2242 1865 emolumenturn,

71 1895 75 1900 ’
130 1894 309 1951 edidit
346 1901 589 1951 ceteros.
624 1914 697 1950 ex
736 1892 939 1963 quibus
977 1892 1241 1950 Lucanus
1284 1893 1741 1964 Quintianusque
1781 1901 1840 1951 et
1879 1893 2125 1952 Senecio
2148 1894 2244 1952 diu

130 1990 412 2047 abnuere:
452 1996 587 2060 post
623 1992 909 2059 promissa
943 1992 1262 2059 inpunitate
1285 1992 1554 2059 corrupti,
1585 2009 1700 2059 quo
1722 1990 2052 2046 tarditatem
2072 2009 2244 2046 excu-
2271 2012 2312 2045 15

129 2091 341 2150 sarent,
361 2084 622 2141 Lucanus
643 2083 899 2150 Aciliam,
921 2091 1163 2141 matrem
1183 2105 1362 2150 suam,
1387 2084 1730 2149 Quintianus
1752 2083 1985 2142 Glitium
1998 2084 2243 2153 Gallum,

130 2178 377 2237 Senecio
416 2180 670 2236 Annium
706 2179 1387 2255 Pollionem,qamicorum
1424 2184 1786 2251 praecipuos,
1825 2185 2214 2238 nominavere.

263 2341 440 2399 LVII.
515 2341 848 2413 Epicharis
885 2340 1091 2398 wordt
1127 2341 1457 2414 geiolt'erd,
1498 2342 1665 2399 doch
1701 2342 1943 2400 bekent
1979 2345 2128 2401 niet.

197 2495 352 2552 LVII.
427 2496 621 2567 Atque
674 2499 902 2552 interim
938 2495 1093 2552 Nero
1132 2496 1471 2554 recordatus
1513 2496 1731 2554 Volusii
1767 2496 1994 2554 Proculi
2031 2499 2244 2555 indicio

131 2589 433 2662 Epicharin
470 2594 699 2648 attineri
717 2598 991 2662 ratusque
1012 2590 1286 2648 muliebre
1309 2611 1515 2662 corpus
1535 2596 1718 2663 impar
1738 2592 1925 2649 dolori
1944 2596 2248 2650 tormentis

165 2823 184 2868 f
220 2767 283 2868 212³
295 2769 514 2868 uggsquoe
561 2764 613 2811 C.
656 2765 846 2812 Pisonis
891 2770 1091 2818 intimos,
1121 2767 1231 2813 Piso
1263 2783 1361 2813 was
1393 2767 1513 2814 door
1543 2768 1669 2814 Nero
1700 2767 1838 2814 reeds
1867 2769 1974 2825 lang
2004 2768 2247 2823 verdacht,

135 2839 160 2868 c
186 2856 197 2869 .
288 2857 299 2876 ,
392 2857 402 2867 .

194 2881 306 2927 LVI.
338 2886 379 2926 4.
413 2882 587 2928 diversi
614 2907 673 2914 --
704 2883 836 2930 ieder
867 2884 1188 2941 afzonderlijk.

221 2943 263 2985 6.
295 2939 456 2990 indita.
502 2942 562 2986 ci.
611 2945 678 2994 11,
728 2946 780 2988 1:
826 2945 991 2988 vinclis
1021 2943 1195 2989 inditis.
1226 2947 1568 2997 tormentorum,
1600 2944 1658 3000 bij
1691 2944 1954 3001 aanslagen,
1987 2951 2125 3001 tegen
2157 2944 2250 2991 den

136 2999 295 3045 keizer
324 3000 516 3055 gericht,
547 3001 740 3046 werden
772 3003 1141 3059 vrijgeborenen,
1174 3003 1364 3047 evenals
1396 3005 1571 3056 slaven,
1604 3003 1852 3059 gesolterd.
1943 3015 1945 3017 ’

222 3062 265 3103 8.
291 3060 520 3161 ἶνξιιρηάἰ
547 3063 751 3116 peritior,
781 3077 909 3106 meer
939 3078 1134 3107 ervaren
1151 3064 1199 3106 in
1216 3062 1273 3106 de
1291 3062 1431 3106 kunst
1447 3064 1535 3117 ziin
1552 3063 1864 3108 aanklachten
1881 3061 2250 3120 geloofwaarffig

136 3123 184 3162 te
215 3134 290 3162 ma
310 3134 399 3162 ·en.

196 3179 265 3221 12.
296 3175 587 3221 inbecillitate
618 3192 679 3221 an
698 3210 708 3221 .
728 3211 738 3222 .
757 3211 767 3223 .
800 3177 1009 3233 credens,
1042 3195 1163 3225 voor
1194 3178 1252 3224 de
1285 3179 1566 3235 afwisseling
1591 3195 1684 3225 van
1701 3183 2001 3232 constructie,
2022 3180 2081 3225 cf.
2100 3182 2142 3233 2,
2161 3182 2247 3225 22:

133 3241 262 3282 metu
290 3237 493 3280 invidiae
525 3252 584 3280 an
614 3242 742 3281 ratus
774 3241 1108 3284 conscientiam
1138 3238 1253 3283 facti
1284 3241 1396 3283 satis
1426 3253 1544 3283 esse.

198 3298 266 3339 15.
299 3297 520 3350 corrupti,
551 3295 743 3340 verleid.

197 3356 265 3398 16.
295 3353 511 3406 Aciliam,
545 3353 604 3398 cf.
637 3354 729 3398 den
760 3369 1016 3410 anonymus
1046 3358 1094 3400 in
1126 3355 1184 3399 de
1215 3358 1314 3400 vita
1344 3354 1543 3400 Lucani:
1580 3361 1774 3400 matrem
1805 3355 1969 3401 habuit
2001 3355 2247 3409 (Lucanus)

135 3418 184 3456 et
212 3416 415 3467 regionis
446 3413 654 3458 eiusdem
685 3418 733 3456 et
762 3414 890 3458 urbis
923 3414 1226 3468 (Cordubae),
1258 3414 1459 3459 Aciliam
1490 3418 1693 3467 nomine,
1726 3414 1867 3458 Aexlii
1899 3414 2073 3459 Lucani
2090 3414 2249 3466 filiam,

136 3475 339 3517 oratoris
354 3487 528 3528 operae
545 3470 671 3528 apud
700 3474 1010 3528 proconsules
1041 3473 1327 3530 frequentis;
1363 3476 1493 3518 cuius
1511 3507 1521 3517 .
1545 3505 1554 3517 .
1573 3506 1584 3517 .
1616 3482 1879 3529 cognomen
1912 3474 2020 3518 huic
2051 3473 2250 3518 inditum

137 3537 347 3587 apparet.

198 3591 265 3634 17.
310 3589 514 3634 Annium
558 3586 828 3642 Pollionem,
876 3588 990 3633 deze
1038 3606 1134 3634 was
1180 3588 1536 3646 waarschijnlijk
1588 3607 1676 3636 een
1731 3589 1875 3635 broer
1924 3606 2016 3636 van
2068 3590 2251 3635 Annius

136 3646 408 3699 Vinicianus
440 3648 517 3702 (cf.
553 3649 620 3698 15,
652 3648 739 3699 28).

196 3698 328 3752 LVII.
362 3709 429 3751 18.
469 3705 647 3751 Volusii
674 3704 865 3750 Proculi
893 3705 1081 3760 indicio,
1114 3706 1174 3752 ci.
1209 3723 1248 3752 c.
1282 3709 1353 3752 51.
