2574 3912
578 244 683 304 AB
721 242 1060 301 EXCESSU
1096 242 1248 299 DIVI
1284 241 1563 300 AGUSTI
1599 239 1716 298 XV.
2145 244 2217 297 63

103 409 386 467 eiusmodi
421 414 619 465 mortis
656 408 958 477 imaginem
995 403 1190 461 obisse
1229 391 1564 468 tradiderat,
1603 422 1806 459 versus
1824 405 1983 473 ipsos
2002 402 2220 459 rettulit

105 524 294 576 eaque
344 503 420 560 illi
476 521 745 574 suprema
795 521 914 557 vox
951 499 1072 556 fuit.
1114 498 1360 556 Senecio
1397 498 1640 570 posthac
1679 504 1741 554 et
1779 497 2123 563 Quintianus
2161 504 2221 553 et

106 599 423 659 Scaevinus
461 619 580 656 non
618 619 693 654 ex
727 599 920 668 priore
959 599 1112 653 vitae
1143 594 1396 660 mollitia,
1416 614 1554 651 mox
1572 593 1778 664 reliqui
1794 597 2221 650 coniuratorum

105 698 349 767 periere,
387 694 544 751 nullo
583 692 735 750 facto
775 691 1005 749 dictove
1042 689 1434 760 memorando.
1831 696 1839 704 '

198 825 407 884 LXXI.
449 822 886 883 Gehuichelde
926 821 1280 895 bliidschap
1317 822 1386 879 in
1422 821 1642 878 Rome.
1680 818 2132 892 Belooningen.

180 959 365 1017 LXXI.
406 957 524 1016 Sed
562 956 834 1027 compleri
852 958 1077 1011 interim
1095 954 1233 1011 urbs
1254 954 1566 1019 funeribuS,
1589 951 1935 1023 Capitolium
1953 954 2221 1016 victimis;
2247 976 2268 1009 5

111 1056 253 1114 alius
292 1055 428 1119 filio,
468 1054 642 1109 fratre
683 1051 826 1108 alius
866 1057 964 1107 aut
1001 1053 1326 1122 propinquo
1367 1057 1466 1106 aut
1496 1052 1678 1105 arnico
1698 1048 2029 1114 interiectiS,
2052 1060 2223 1119 agere
2311 1038 2317 1045 ⁸

113 1158 302 1224 grates
341 1149 482 1214 deis,
524 1168 730 1204 ornare
766 1146 930 1203 lauru
962 1146 1211 1213 domum,
1234 1157 1421 1216 genua
1438 1147 1616 1216 ipsius
1637 1143 1866 1201 advolvi
1886 1151 1945 1200 et
1964 1143 2226 1200 dextram

113 1247 322 1304 osculis
377 1243 632 1315 fatigare.
690 1250 863 1313 atque
920 1241 1013 1298 ille
1052 1242 1320 1312 gaudium
1355 1240 1417 1296 id
1455 1239 1698 1297 credens
1735 1239 1973 1296 Antonii
2007 1237 2228 1295 Natalis

112 1350 174 1399 et
243 1339 501 1398 Cervarii
564 1339 792 1396 Proculi
848 1338 1119 1394 testinata
1174 1336 1385 1392 indicia
1440 1339 1755 1407 inpunitate
1811 1345 2226 1391 remuneratur.

111 1436 376 1494 Milichus
427 1437 695 1507 praemiis
735 1434 948 1490 ditatus
987 1434 1407 1488 conservatoris
1447 1431 1556 1487 sibi
1592 1451 1803 1487 nomen
1841 1429 2069 1487 Graeco
2106 1432 2229 1486 eius
2255 1447 2295 1480 ιο

113 1537 200 1589 rei
253 1530 536 1589 vocabulo
595 1529 1021 1608 adsumpsit-fe
1078 1526 1320 1584 tribunis
1380 1525 1598 1583 Gavius
1650 1525 1930 1592 Silvanus,
1972 1533 2230 1596 quamvis

116 1627 430 1692 absolutuS,
489 1646 594 1682 sua
648 1645 822 1681 manu
875 1622 1107 1689 cecidit;
1165 1622 1381 1679 Statius
1418 1622 1736 1679 Proxumus
1774 1625 2017 1687 veniam,
2059 1640 2231 1691 quam

118 1723 192 1780 ab
243 1727 587 1793 imperatore
640 1726 960 1790 acceperat,
1001 1721 1255 1775 vanitate
1295 1721 1481 1775 exitus
1522 1720 1790 1787 corrupit.
1831 1720 1990 1773 exuti
2027 1716 2232 1774 dehinc

117 1818 408 1876 tribunatu
446 1818 467 1837 *
489 1818 508 1837 *
546 1816 870 1887 PompeiUS,
894 1814 1195 1871 Cornelius
1215 1812 1513 1878 Martialis,
1533 1813 1763 1870 Flavius
1783 1812 1996 1884 NepOS,
2019 1810 2233 1870 Statius

117 1914 418 1979 DomitiuS,
454 1915 617 1984 quasi
653 1914 968 1983 principem
1004 1931 1123 1966 non
1161 1910 1394 1980 quidem
1433 1908 1706 1975 odissent,
1749 1908 1854 1965 sed
1890 1916 2084 1965 tamen
2115 1910 2298 1967 exi-15

119 2014 501 2067 stimarentur.
541 2007 729 2064 Novio
766 2005 958 2062 Prisco
997 2026 1102 2076 per
1141 2008 1443 2061 amicitiam
1482 2003 1742 2061 Senecae
1781 2010 1840 2060 et
1865 2002 2041 2060 Glitio
2063 2001 2232 2059 Gallo

533 2145 616 2191 Est
647 2150 780 2190 tanta
810 2144 999 2189 dimissa
1028 2146 1119 2190 via.
1150 2143 1264 2189 Pars
1295 2142 1459 2189 ultima
1489 2146 1642 2189 trunci

532 2205 745 2250 Tradidit
773 2207 822 2249 in
851 2204 995 2249 letum
1026 2219 1203 2249 vacuos
1233 2203 1452 2248 vitalibus
1483 2208 1626 2247 artus.

531 2263 600 2309 At
630 2262 833 2309 tumidus
866 2278 958 2320 qua
987 2264 1147 2319 pulmo
1178 2266 1317 2315 iacet,
1349 2278 1444 2318 qua
1473 2264 1656 2306 viscera
1686 2261 1888 2314 fervent,

530 2323 798 2384 Haeserunt
827 2321 893 2367 ibi
922 2324 1022 2367 iata
1052 2322 1146 2374 diu,
1176 2322 1447 2378 luctataque
1477 2321 1672 2366 multum

532 2381 632 2427 Hac
666 2397 770 2427 cum
801 2386 937 2438 parte
968 2383 1056 2426 viri
1087 2383 1164 2426 vix
1195 2383 1351 2426 omnia
1380 2380 1590 2426 membra
1620 2379 1842 2425 tulerunt.

213 2444 252 2487 1.
283 2440 757 2499 quo...tradiderat,
805 2442 984 2486 waarin
1029 2440 1105 2496 hij,
1152 2456 1241 2485 een
1287 2439 1572 2496 dergelijken
1619 2437 1750 2484 dood
1788 2435 2101 2490 schilderend,
2147 2452 2236 2482 een

121 2501 326 2559 gewond
354 2500 540 2547 soldaat
570 2500 664 2545 had
694 2500 822 2545 laten
852 2505 1053 2544 sterven.

208 2563 251 2606 2.
282 2575 500 2617 suprema
532 2573 637 2612 vox,
670 2575 786 2604 over
816 2561 904 2613 zijn
934 2556 1158 2613 sterfdag,
1191 2557 1252 2602 cf.
1284 2556 1378 2602 den
1410 2571 1671 2613 anonymus
1692 2558 1740 2600 in
1755 2558 1855 2600 vita
1868 2554 2236 2600 Lucanizvenas

121 2618 210 2666 sibi
238 2617 470 2675 praecidit
499 2620 734 2676 periitque
763 2617 914 2675 pridie
947 2616 1048 2662 Kal.
1079 2615 1230 2662 Maias
1260 2617 1425 2662 Attico
1457 2616 1654 2661 Vestino
1686 2620 1733 2660 et
1749 2614 1905 2659 Nerva
1921 2613 2097 2659 Siliano
2116 2629 2236 2659 coss.

181 2677 334 2724 LXXI.
380 2681 422 2723 7.
469 2693 640 2723 ornare
682 2676 818 2722 laura
851 2675 1050 2729 domurn,
1099 2675 1167 2721 dit
1198 2674 1481 2732 geschiedde
1512 2674 1570 2731 bij
1604 2673 1743 2730 blijde
1775 2673 2160 2730 gebeurtenissen
2190 2675 2238 2717 in

122 2736 206 2783 het
249 2737 353 2782 huis
399 2736 450 2782 of
494 2739 542 2781 in
589 2735 681 2781 den
727 2740 867 2788 staat,
914 2735 973 2779 cf.
1022 2734 1131 2780 Juv.
1177 2737 1219 2787 6,
1263 2737 1342 2780 79:
1377 2741 1603 2780 ornentur
1631 2738 1797 2790 postes
1828 2738 1876 2777 et
1907 2731 2071 2788 grandi
2099 2734 2239 2777 ianua

121 2797 256 2842 lauro
303 2811 362 2841 en
409 2797 478 2848 10,
523 2798 610 2841 65:
656 2810 782 2852 pone
828 2794 956 2839 domi
985 2793 1158 2847 laurus,
1191 2794 1282 2839 duc
1312 2795 1360 2839 in
1393 2792 1627 2851 Capitolia
1656 2801 1872 2848 magnum
1903 2791 2237 2847 Cretatumque

124 2855 319 2907 bovem:
353 2853 550 2900 Seianus
580 2854 766 2899 ducitur
794 2869 933 2898 unco.

213 2916 256 2959 7.
285 2924 438 2970 genua
458 2946 467 2958 .
486 2945 496 2956 .
515 2945 525 2956 .
543 2911 751 2964 advolvi,
770 2912 830 2958 cf.
851 2916 889 2964 l,
910 2910 1290 2957 132ambulantis
1306 2909 1484 2956 Tiberii
1515 2918 1667 2966 genua
1696 2908 2043 2954 advolveretur.
2075 2911 2238 2964 ipsius,

122 2972 341 3018 Neronis.
386 2976 441 3025 et,
486 2971 924 3027 niettegenstaande
965 2970 1047 3015 het
1079 2969 1428 3026 vooratgaande
1460 2969 1740 3026 asyndeton,
1773 2985 1850 3013 om
1879 2979 2032 3024 genua
2052 3000 2062 3012 .
2081 2967 2238 3013 niati.

121 3043 239 3089 gare
268 3031 336 3076 als
366 3034 455 3075 een
485 3030 736 3086 handeling
766 3046 855 3075 aan
884 3035 932 3074 te
963 3029 1152 3075 duiden.

212 3092 256 3135 8.
285 3089 521 3147 gaudium,
565 3095 698 3134 vert:
747 3089 974 3146 oprechte
1020 3087 1242 3144 vreugde.
1290 3087 1526 3140 festinata,
1567 3102 1690 3132 voor
1719 3085 1801 3131 het
1832 3091 1975 3130 tranS.
2016 3083 2144 3141 gebr.
2177 3085 2238 3130 cf.

124 3153 440 3208 properantur
471 3150 529 3202 (c.
560 3150 631 3197 69.
662 3149 722 3201 6).

188 3226 257 3268 10.
292 3221 476 3268 Graeco
494 3255 504 3267 .
524 3253 535 3265 .
553 3253 562 3264 .
583 3219 826 3273 vocabulo,
844 3236 909 3266 sc.
926 3209 1128 3278 σωτήρ·

186 3284 256 3328 13.
287 3284 490 3327 vanilaie
518 3283 668 3324 exitus
706 3295 745 3310 =
782 3279 1029 3325 ambitioso
1062 3282 1203 3324 exitu.
1235 3282 1442 3334 corrupit
1478 3293 1517 3306 =
1555 3279 1857 3332 vernietigen.

188 3344 258 3387 14.
288 3340 552 3396 Pompeius,
597 3338 821 3383 hiervoor
864 3340 903 3383 is
948 3338 1008 3382 de
1053 3354 1310 3383 voornaam
1353 3338 1404 3382 of
1434 3337 1633 3392 biinaam
1662 3334 1960 3392 uitgevallen.
1993 3331 2238 3380 Cornelius

126 3398 378 3452 Martialis,
410 3402 458 3444 in
488 3398 604 3443 Hist.
637 3400 678 3446 3.
711 3400 768 3441 70
798 3413 858 3441 en
889 3398 947 3442 73
977 3397 1109 3442 komt
1141 3396 1255 3441 deze
1286 3412 1424 3441 naam
1455 3411 1690 3440 eveneens
1721 3410 1854 3440 voor.

186 3461 257 3504 15.
288 3461 455 3515 quasi.
473 3490 483 3501 .
502 3490 512 3501 .
531 3459 917 3509 existimarentur,
949 3455 1018 3500 dit
1047 3459 1087 3500 is
1118 3472 1206 3500 een
1237 3454 1524 3501 vermoeden
1555 3470 1647 3499 van
1677 3453 1868 3499 Tacitus
1884 3451 1989 3505 zelf,
2014 3466 2054 3480 =
2079 3450 2240 3497 omdat

128 3518 260 3572 (naar
288 3518 370 3562 het
398 3516 603 3572 zeggen).

190 3579 259 3622 15.
291 3578 660 3621 existimarentur
698 3588 736 3602 =
776 3572 872 3617 odii
902 3571 1127 3618 adversus
1158 3574 1417 3629 principem
1447 3573 1655 3627 suspecti
1685 3575 1856 3615 essent.
1887 3569 2043 3614 Novio
2059 3568 2238 3619 Prisco,

129 3634 244 3692 deze
288 3651 386 3680 was
431 3633 595 3680 consul
638 3635 687 3677 in
733 3633 790 3676 78
819 3647 865 3676 n.
897 3630 964 3685 C..
999 3631 1058 3675 cf.
1092 3631 1144 3677 C.
1176 3631 1209 3676 Ι.
1242 3630 1290 3676 L.
1323 3633 1363 3684 6,
1395 3633 1537 3675 2056:
1572 3630 1620 3675 L.
1653 3629 1851 3675 Ceionio
1886 3626 2238 3681 CommodofD.

127 3692 283 3739 Novio
314 3694 475 3739 Prisco
508 3707 628 3737 coss.
