2574 3912
580 207 684 264 AB
724 203 1065 265 EXCESSU
1102 205 1254 263 DIVI
1290 203 1624 264 AUGUSTI
1660 205 1779 263 XV.
2183 209 2256 264 33

136 373 380 442 quisque
417 371 750 427 libertorum
788 372 964 426 vincti
1002 367 1343 439 abreptique
1371 388 1383 433 ;
1422 374 1484 424 et
1520 388 1651 424 cum
1688 366 1980 427 damnatio
2001 371 2255 434 instaret,

135 466 502 523 brachiorum
537 486 717 523 venas
754 464 1078 535 Torquatus
1116 463 1449 520 interscidit.
1472 469 1787 534 secutaque
1805 463 2052 522 Neronis
2073 468 2257 522 oratio

138 582 213 618 ex
250 583 428 622 more,
470 563 729 632 quamvis
768 566 995 617 sontem
1034 565 1093 615 et
1131 558 1457 616 defensioni
1480 562 1688 616 merito
1711 559 1961 617 diffisum
1978 563 2259 618 victurum

137 662 334 714 tamen
370 657 564 722 fuisse,
611 659 660 712 si
698 656 1059 712 clementiam
1099 653 1301 712 iudicis
1342 661 1725 725 expectasset.
2280 646 2290 655 ‘

2183 722 2196 735 ,β

2113 734 2182 780 ,Ἆλ-

2094 783 2108 793 f

229 861 501 920 mvl.
539 861 639 918 De
675 861 897 919 keizer
932 859 1104 933 geeft
1141 862 1264 933 z'jn
1299 862 1432 918 reis
1468 857 1628 918 naar
1655 860 1767 918 het
1804 860 2047 919 Oosten
2082 880 2181 934 op.

210 1057 452 1118 XXXVI.
528 1058 650 1117 Nec
705 1060 884 1116 multo
934 1067 1069 1131 post
1107 1063 1320 1117 omissa
1358 1063 1417 1117 in
1451 1079 1730 1131 praesens
1767 1058 1988 1117 Achaia
2027 1061 2259 1129 (causae
2283 1075 2306 1108 ⁵

139 1159 199 1213 in
252 1158 473 1212 incerto
531 1156 733 1224 fuere),
793 1155 997 1212 urbem
1054 1159 1268 1215 revisit,
1324 1158 1649 1227 provincias
1708 1153 1977 1216 Orientis,
2015 1161 2261 1214 maxime

138 1249 483 1322 Aegyptum,
534 1255 773 1308 secretis
810 1251 1308 1322 imaginationibus
1348 1255 1585 1321 agitans
1627 1250 1831 1307 dehinc
1871 1250 2063 1309 edicto
2101 1256 2263 1309 testi-

141 1347 347 1404 ficatus
382 1367 501 1403 non
538 1347 766 1419 longam
805 1350 894 1403 sui
934 1347 1255 1404 absentiam
1296 1354 1354 1404 et
1387 1353 1592 1404 cuncta
1611 1351 1670 1403 in
1690 1368 1752 1403 re
1773 1347 2004 1418 publica
2021 1348 2262 1419 perinde

140 1445 376 1499 immota
415 1461 484 1498 ac
520 1463 802 1514 prospera
841 1442 982 1507 fore,
1023 1462 1197 1514 super
1234 1462 1306 1499 ea
1341 1442 1702 1514 profectione
1741 1442 1881 1500 adiit
1902 1442 2261 1514 Capitolium.

140 1537 252 1595 illic
289 1544 602 1594 veneratus
638 1538 798 1603 deOS,
840 1559 968 1594 cum
1006 1537 1221 1595 Vestae
1243 1558 1473 1609 quoque
1494 1538 1766 1608 templum
1785 1541 2001 1600 inisset,
2022 1545 2263 1610 repente
2289 1561 2330 1595 ιο
2357 1587 2361 1591 .

144 1639 382 1691 cunctos
418 1654 526 1704 per
564 1640 722 1690 artus
758 1641 1026 1700 tremenS,
1067 1654 1170 1691 seu
1206 1637 1437 1691 numine
1462 1641 1806 1701 exterrente,
1827 1654 1931 1691 seu
1951 1635 2266 1693 facinorum

142 1728 546 1785 recordatione
585 1749 896 1800 numquam
933 1733 1138 1786 timore
1169 1749 1405 1790 vacuus,
1430 1729 1684 1786 deseruit
1701 1732 2011 1802 inceptum.
2031 1738 2266 1789 cunctas

145 1823 254 1881 sibi
291 1844 459 1880 curas
499 1845 695 1881 amore
733 1825 955 1896 patriae
976 1825 1221 1881 leviores
1244 1825 1526 1882 dictitans.
1546 1826 1762 1882 vidisse
1784 1832 2037 1883 maestos
2058 1830 2266 1884 civium

145 1920 352 1980 vultus,
376 1920 576 1977 audire
599 1928 855 1977 secretas
878 1925 1280 1991 querimonias,
1304 1920 1462 1991 quod
1481 1927 1702 1977 tantum
1717 1922 1988 1990 (itineris)
2009 1923 2264 1980 aditurus

146 2022 319 2082 esset,
359 2019 520 2073 cuius
558 2037 632 2072 ne
672 2016 932 2073 modicos
971 2017 1202 2087 quidem
1241 2030 1505 2088 egressus
1538 2016 1868 2084 tolerarent,
1891 2020 2038 2075 sueti
2058 2017 2264 2075 adver-
2291 2048 2332 2082 15

146 2132 273 2169 sum
310 2113 545 2170 fortuita
584 2119 822 2182 aspectu
858 2116 1128 2183 principis
1166 2113 1432 2170 refoveri.
1470 2126 1610 2184 ergo
1649 2120 1712 2170 ut
1729 2116 1788 2169 in
1806 2116 2045 2184 privatis
2063 2134 2264 2171 neces-

143 2207 487 2266 situdinibus
543 2211 805 2279 proxima
860 2212 1103 2279 pignora
1158 2209 1581 2279 praevalerent,
1640 2211 1721 2265 ita
1776 2210 1861 2277 <in
1910 2229 1974 2266 re
2012 2209 2266 2280 publica>

144 2304 421 2376 populum
457 2302 779 2361 Romanum
817 2308 931 2360 vim
968 2304 1268 2376 plurimam
1286 2304 1502 2360 habere
1523 2304 1958 2376 parendumque
1980 2308 2264 2363 retinenti.

146 2399 290 2456 haec
342 2406 516 2470 atque
571 2399 709 2456 talia
755 2399 910 2470 plebi
960 2400 1215 2456 volentia
1266 2400 1446 2466 fuere,
1488 2400 1845 2471 voluptatum
1884 2401 2148 2472 cupidine
2191 2409 2264 2468 et,

150 2515 299 2565 quae
336 2498 650 2566 praecipua
687 2516 825 2551 cura
864 2502 968 2561 est,
1008 2499 1094 2552 rei
1132 2495 1540 2552 frumentariae
1579 2499 1886 2566 angustiaS,
1928 2500 1976 2552 si
2015 2496 2262 2562 abesset,
2288 2520 2333 2554 20

148 2594 439 2647 metuenti.
481 2597 713 2647 senatus
753 2597 811 2647 et
849 2594 1127 2662 primores
1165 2594 1224 2647 in
1261 2595 1480 2647 incerto
1522 2599 1702 2657 erant,
1740 2591 1939 2662 procul
1978 2612 2052 2648 an
2073 2613 2267 2649 coram

239 2771 283 2816 2.
314 2772 585 2827 interscidit,
618 2773 936 2831 daarentegen
971 2778 1039 2827 15,
1072 2777 1151 2820 69:
1186 2774 1525 2821 abscinduntur
1555 2791 1720 2820 venae.

239 2833 282 2876 4.
314 2830 601 2877 clementiam
632 2834 802 2878 iudicis
840 2850 879 2863 =
916 2851 1062 2887 suam,
1096 2834 1209 2879 daar
1241 2833 1300 2879 de
1333 2834 1490 2879 keizer
1522 2834 1644 2879 door
1674 2839 1762 2891 zijn
1787 2834 2036 2880 tribunicia
2051 2839 2267 2891 potestas

151 2895 291 2947 tegen
321 2890 454 2935 ieder
481 2893 652 2936 vonnis
682 2908 775 2937 van
808 2892 901 2938 den
932 2899 1098 2939 senaat
1127 2894 1222 2938 kan
1252 2894 1626 2938 intercedeeren.

170 2965 173 2968 ’
241 2948 440 2994 XXXVI.
489 2952 533 2995 8.
563 2954 639 2994 sui
668 2950 942 3006 absentiam,
976 2953 1037 2997 cf.
1072 2955 1140 3005 12,
1173 2955 1254 2997 37:
1287 2953 1568 3009 supplicium
1598 2955 1703 2997 mei.

239 3011 282 3053 9.
313 3023 470 3063 super,
516 3010 814 3065 aangaande;
861 3010 924 3055 nl.
972 3028 1048 3056 om
1093 3011 1292 3067 bijstand
1337 3027 1458 3057 voor
1514 3011 1630 3056 deze
1690 3013 1783 3056 reis
1843 3016 1891 3055 te
1952 3011 2146 3056 smeken
2206 3027 2267 3056 en

154 3066 391 3113 daarvoor
421 3066 630 3123 geloften
662 3075 708 3113 te
742 3069 883 3114 doen.

216 3129 284 3172 10.
324 3125 493 3170 Vestae
532 3127 763 3183 templum,
797 3128 910 3173 deze
943 3129 1134 3175 bevond
1165 3129 1268 3174 zich
1301 3145 1363 3186 op
1395 3129 1476 3173 het
1508 3129 1555 3173 Z.
1589 3127 1804 3185 gedeelte
1835 3144 1927 3173 van
1957 3127 2039 3173 het
2069 3128 2264 3181 Forum;

155 3201 271 3231 over
302 3185 361 3230 de
393 3184 504 3242 hulp
535 3202 627 3231 van
658 3185 802 3231 Vesta
833 3187 893 3232 cf.
926 3187 1023 3233 Cic.
1057 3188 1115 3233 de
1147 3188 1252 3233 Nat.
1285 3189 1426 3233 Deor.
1458 3191 1499 3241 2,
1532 3191 1613 3232 67:
1645 3191 1715 3233 vis
1747 3192 1903 3232 autem
1934 3190 2033 3233 eius
2061 3187 2266 3242 (Vestae)

153 3244 216 3290 ad
245 3260 349 3289 aras
381 3250 427 3288 et
457 3244 595 3290 focos
625 3247 853 3301 pertinen
886 3249 1044 3304 itaque
1076 3250 1123 3292 in
1155 3265 1213 3292 ea
1245 3247 1420 3292 dea...
1442 3250 1589 3292 omnis
1622 3252 1669 3290 et
1686 3249 1898 3303 precatio
1917 3251 1964 3291 et
1981 3247 2266 3292 sacrificatio

58 3310 63 3318 '
153 3308 362 3349 extrema
393 3308 479 3348 est.

214 3364 283 3407 12.
316 3377 567 3418 numquam
599 3364 761 3407 timore
792 3377 983 3416 vacuus,
1016 3364 1076 3408 cf.
1112 3367 1181 3418 16,
1217 3368 1294 3409 15:
1327 3364 1550 3421 pavidum
1582 3380 1779 3420 semper.

214 3423 283 3466 12.
316 3426 536 3466 cunctas.
556 3454 567 3465 .
587 3424 756 3465 :curas
785 3449 843 3455 —
875 3425 1043 3476 omnia,
1076 3439 1196 3479 quae
1229 3423 1317 3468 sibi
1351 3440 1490 3469 curae
1523 3430 1696 3468 essent.

215 3482 284 3524 16.
316 3479 507 3524 fortuita
547 3503 584 3516 =
623 3481 846 3525 fortuitos
879 3497 1028 3534 casus,
1059 3483 1330 3527 infortunia.

215 3541 284 3585 19.
316 3538 518 3584 volentia
558 3561 597 3574 =
635 3544 787 3595 ἔπελες
824 3538 882 3584 cf.
915 3540 1032 3585 Hist.
1063 3543 1106 3593 3,
1138 3545 1217 3586 52:
1253 3541 1475 3586 Muciano
1506 3540 1717 3586 volentia
1747 3543 2047 3598 rescripsere,
2080 3557 2139 3586 en
2157 3539 2265 3586 Sall.

154 3595 272 3642 Hist.
304 3601 346 3650 4,
378 3598 434 3642 fr.
466 3601 546 3643 57:
579 3599 790 3642 volentia
819 3598 946 3654 plebi
975 3599 1186 3645 facturus
1217 3600 1494 3645 habebatur.

217 3659 285 3702 19.
317 3655 535 3712 cupidine
564 3683 621 3690 —
654 3660 882 3710 metuenti,
916 3657 976 3702 cf.
1009 3661 1051 3711 2,
1087 3661 1134 3704 1:
1167 3665 1294 3704 metu
1324 3683 1383 3690 —
1415 3658 1611 3704 diffisus.

2182 3754 2208 3795 3
