2574 3912
269 165 342 218 20
426 144 436 155 ’
1015 121 1367 219 coRNEm
1402 162 1650 220 TAc1T1

267 323 603 382 Parthorum
642 330 902 390 conatus,
957 322 1182 397 Suriam
1233 328 1628 396 repetiturum.
1688 329 1770 382 sic
1828 305 2061 397 quoque
2120 331 2392 399 optimam

268 420 557 477 fortunam
614 419 906 485 orandam,
946 426 1010 477 ut
1046 420 1229 490 pedes
1269 420 1566 477 contectus
1610 425 1807 492 spatiis
1845 425 2109 481 itinerum
2145 423 2392 480 alacrem

269 522 328 573 et
394 515 666 572 facilitate
725 535 1057 586 camporum
1113 519 1588 586 praevenientem
1646 521 1900 588 equitem
1959 517 2390 589 adsequeretur.

270 616 402 669 exin
448 611 658 669 Paetus
695 632 800 682 per
834 610 1267 683 Cappadociam
1304 611 1646 670 hibernavit.
1688 620 1748 670 at
1784 612 2092 684 Vologaesi
2131 614 2208 671 ad
2246 613 2391 673 Cor-

226 737 249 771 5
270 706 542 763 bulonem
579 709 737 763 missi
774 711 971 773 nuntii,
1012 707 1346 764 detraheret
1385 707 1621 765 castella
1670 715 1832 766 trans
1884 708 2216 780 Euphraten
2272 731 2391 768 am-

267 824 533 874 nemque,
573 811 636 860 ut
675 802 824 869 olim,
864 802 1118 860 medium
1139 804 1389 868 iaceret;
1412 803 1506 859 ille
1528 800 1865 860 Armeniam
1890 825 2122 876 quoque
2147 806 2391 863 diversis

266 900 569 970 praesidiis
601 919 845 956 vacuam
877 899 1003 955 fieri
1036 899 1458 970 expostulabat,
1500 906 1559 956 et
1595 907 1890 971 postremo
1930 905 2217 959 concessit
2254 923 2390 968 rex;

269 995 589 1066 dirutaque,
643 1015 792 1066 quae
863 994 1197 1066 Euphraten
1267 996 1419 1052 ultra
1484 1000 1939 1053 communiverat
1998 982 2274 1064 Corbulo,
2335 1005 2393 1055 et

267 1090 526 1148 Armenii
563 1094 685 1149 sine
726 1091 942 1148 arbitro
981 1090 1164 1148 relicti
1197 1099 1344 1148 sunt.

318 1316 326 1320 ¹
399 1239 615 1297 XVIII.
691 1238 869 1298 IJdel
905 1244 1175 1297 vertoon
1211 1244 1276 1296 te
1321 1239 1544 1296 Rome.
1582 1239 2255 1314 Korenuitdeelingen.

206 1367 270 1433 ω’
341 1371 526 1430 XVIII.
602 1371 683 1429 At
734 1371 951 1429 Romae
1005 1379 1250 1442 tropaea
1290 1371 1363 1428 de
1401 1371 1622 1428 Parthis
1663 1392 1947 1444 arcusque
1986 1373 2180 1430 medio
2219 1372 2392 1446 Capi-

267 1470 430 1527 tolini
467 1471 677 1526 montis
715 1467 1080 1535 sistebantur,
1124 1467 1362 1524 decreta
1400 1466 1474 1523 ab
1515 1475 1720 1525 senatu
1758 1472 1982 1540 integro
2022 1468 2210 1526 adhuc
2241 1468 2392 1527 bello

269 1586 459 1636 neque
514 1571 634 1621 tum
686 1567 913 1630 omissa,
966 1563 1102 1621 dum
1140 1567 1400 1635 aspectui
1439 1564 1750 1621 consulitur
1789 1572 1986 1635 spreta
2023 1545 2391 1623 conscientia.

272 1665 408 1732 quin
447 1667 506 1717 et
545 1660 967 1718 dissimulandis
1005 1680 1197 1717 rerum
1237 1666 1605 1717 externarum
1644 1663 1792 1717 curis
1832 1648 1994 1718 Nero⁸
2048 1662 2394 1719 trumentum

267 1757 452 1829 plebis
509 1763 799 1814 vetustate
858 1763 1191 1828 corruptum
1247 1760 1306 1812 in
1359 1755 1611 1813 Tiberim
1667 1760 1817 1822 iecit,
1870 1778 1986 1828 quo
2026 1761 2394 1815 securitatem

206 1873 248 1906 15
271 1873 538 1910 annonae
579 1835 945 1932 sustentaret.
1005 1856 1166 1909 cuius
1216 1854 1404 1922 pretio
1463 1851 1599 1908 nihil
1657 1852 1915 1909 additum
1973 1859 2076 1920 est,
2134 1835 2394 1924 ‘quamvis

269 1949 549 2006 ducentas
600 1949 779 2006 terme
836 1970 1018 2006 naves
1075 1955 1247 2020 portu
1305 1952 1362 2004 in
1418 1951 1545 2019 ipso
1603 1949 1879 2005 violentia
1935 1953 2294 2021 tempestatis
2335 1956 2395 2007 et

269 2051 497 2102 centum
550 2045 688 2102 alias
739 2044 930 2101 Tiberi
981 2045 1291 2102 subvectas
1332 2044 1599 2101 fortuitus
1638 2048 1782 2114 ignis
1822 2045 2252 2116 absumpsisset.
2291 2048 2393 2102 tris

271 2141 405 2198 dein
443 2141 793 2207 consulares,
832 2140 891 2197 L.
942 2140 1226 2206 Pisonem,
1292 2140 1614 2197 Ducenium
1686 2140 2007 2207 Geminum,
2061 2140 2394 2212 Pompeium

362 2322 400 2364 1.
432 2321 501 2363 sic
532 2334 731 2374 quoque,
764 2318 861 2365 ook
893 2317 1044 2364 onder
1076 2317 1192 2363 deze
1225 2315 1659 2372 omstandigheden.

359 2381 400 2423 2.
434 2377 675 2431 orandam,
707 2394 772 2423 sc.
804 2394 832 2423 a
863 2377 978 2426 deis.
1011 2376 1071 2422 cf.
1102 2380 1144 2429 4,
1179 2380 1226 2422 7:
1261 2376 1547 2433 precandam
1578 2375 1870 2430 modestiam,
1902 2381 1955 2421 ut
1985 2379 2238 2422 contentus
2255 2381 2394 2429 esset,

279 2453 317 2466 =
354 2437 592 2493 rogandos
626 2437 742 2483 deos
774 2442 826 2482 ut
856 2437 1138 2482 modestiam
1170 2435 1342 2481 Seiano
1376 2436 1557 2480 darent.

359 2499 401 2542 3.
434 2496 674 2549 facilitate,
706 2496 908 2542 facilitas
938 2498 978 2541 is
1009 2496 1053 2540 h.
1071 2494 1100 2539 l.
1133 2495 1201 2540 als
1233 2495 1315 2540 het
1356 2511 1484 2539 ware
1527 2510 1615 2540 een
1661 2494 2032 2552 personificatie,
2079 2494 2140 2539 cf.
2191 2496 2259 2547 12.
2306 2495 2392 2539 43:

271 2557 504 2602 modestia
534 2556 725 2608 hiemis:
767 2571 806 2585 =
845 2556 904 2601 de
936 2554 1370 2610 bereidwilligheid.
1402 2553 1766 2610 medewerking.

359 2618 402 2660 3.
435 2615 787 2671 adsequeretur,
818 2614 1023 2661 voordat
1056 2616 1172 2659 deze
1203 2614 1282 2659 n.l.
1315 2613 1424 2670 diep
1455 2613 1633 2658 binnen
1672 2615 1721 2658 in
1761 2611 1986 2657 Armenici
2025 2628 2124 2658 was
2165 2611 2395 2668 gevallen.

360 2678 402 2720 4.
442 2674 693 2732 Vologaesi
730 2690 768 2703 =
809 2691 836 2719 a
866 2674 1147 2730 Vologaese.

301 2793 319 2838 f
360 2737 401 2779 5.
465 2734 729 2779 detraheret
765 2749 803 2763 =
843 2733 1102 2779 deduceret
1132 2730 1368 2790 praesidia
1399 2748 1425 2776 e
1457 2730 1676 2777 castellis.
1709 2729 1904 2776 castella
1936 2735 2070 2775 trans
2107 2728 2394 2787 Euphraten,

274 2810 298 2839 c
323 2826 333 2838 .
366 2811 407 2839 c.
438 2796 480 2839 9.
510 2810 569 2839 en
604 2796 672 2838 12.

357 2856 399 2898 6.
459 2852 659 2898 medium
677 2875 734 2883 -
750 2857 868 2897 vert.
887 2869 897 2896 :
916 2857 988 2897 tot
1006 2860 1156 2908 grens.
1174 2851 1375 2896 diversis
1398 2866 1436 2879 =
1457 2848 1790 2900 hostilibus,ci.
1808 2851 1875 2902 13,
1890 2852 1946 2893 57
1965 2847 2221 2894 :diversam
2232 2850 2394 2894 aciem.

362 2916 402 2957 7.
436 2910 778 2968 expostulabat,
810 2911 855 2956 h.
875 2911 903 2956 l.
935 2914 965 2955 i.
982 2926 1027 2967 p.
1046 2929 1088 2957 v.
1109 2928 1118 2955 τ
1151 2909 1424 2966 postulabat
1442 2927 1451 2962 ς
1470 2914 1565 2954 met
1583 2925 1682 2954 acc.
1701 2924 1742 2952 c.
1759 2909 1841 2953 inf.
1858 2917 1953 2964 nog
1970 2908 2086 2953 Hist.
2108 2911 2147 2961 1,
2164 2909 2244 2961 82;
2265 2909 2306 2961 3,
2322 2909 2394 2952 83.

360 2974 403 3016 9.
464 2975 563 3016 sine
596 2970 772 3016 arbitro
812 2986 851 2999 =
890 2972 1066 3015 zonder
1099 2970 1181 3015 dat
1211 2968 1399 3015 iemand
1430 2969 1532 3014 zich
1564 2970 1612 3013 in
1644 2968 1740 3013 hun
1770 2967 1922 3012 zaken
1952 2967 2164 3024 mengde.

332 3030 486 3076 XVIII.
555 3033 622 3075 11.
656 3033 834 3087 integro
868 3028 1024 3075 adhuc
1055 3028 1175 3074 bello
1216 3045 1254 3058 =
1291 3027 1501 3073 nondum
1533 3028 1639 3072 fuso
1671 3027 1834 3072 Paeto.

336 3093 402 3135 12.
435 3095 527 3134 lam
560 3115 617 3119 —-
647 3089 793 3134 nadat
823 3093 874 3145 zij
908 3089 984 3134 n.l.
1016 3106 1108 3134 van
1139 3088 1221 3133 het
1252 3087 1520 3143 smadelijke
1551 3086 1752 3142 verdrag
1781 3084 1971 3131 hadden
2011 3083 2239 3142 gehoord.
2272 3082 2394 3135 dum,

273 3149 364 3194 h.l.
397 3155 492 3194 met
525 3150 711 3194 causale
743 3147 1035 3193 beteckenis.
1070 3151 1282 3202 aspectui
1315 3161 1359 3177 =
1403 3146 1795 3202 magnificentiae.

337 3211 403 3253 13.
437 3209 712 3253 frumentum
729 3206 892 3263 plebis,
911 3208 978 3252 dit
995 3224 1093 3253 was
1124 3206 1341 3252 bestemd
1374 3222 1450 3251 orn
1481 3222 1602 3250 voor
1632 3207 1852 3261 geringen
1883 3206 1992 3261 prijs
2024 3218 2113 3248 aan
2144 3201 2203 3246 de
2234 3217 2395 3247 armen

270 3273 323 3312 te
354 3267 551 3312 worden
583 3267 830 3312 verkocht.

337 3329 404 3371 16.
436 3332 572 3382 portu
606 3330 651 3371 in
685 3329 805 3382 ipso,
836 3328 885 3370 in
918 3324 1067 3370 Ostia.

338 3388 406 3431 18.
437 3385 487 3430 L.
519 3385 752 3437 Pisonem,
785 3385 895 3430 Piso
926 3401 1025 3429 was
1056 3386 1104 3428 in
1136 3386 1192 3428 57
1226 3383 1393 3428 consul
1425 3386 1645 3438 geweest.
1679 3381 1756 3435 (cf.
1793 3382 1859 3430 13,
1892 3379 1982 3433 28).

338 3447 407 3490 18.
437 3444 696 3489 Ducenium
734 3443 991 3495 Geminum,
1024 3443 1140 3487 deze
1171 3458 1270 3487 was
1302 3442 1452 3487 onder
1495 3440 1649 3485 Galba
1685 3439 1957 3496 praefectus
2005 3435 2123 3489 urbi,
2171 3436 2232 3482 cf.
2277 3434 2394 3481 Hist.

279 3506 317 3556 1,
338 3507 405 3549 14.
436 3503 705 3559 Pompeium
732 3502 993 3553 Paulinam.
1025 3503 1083 3558 hij
1115 3517 1214 3546 was
1244 3504 1292 3546 in
1325 3503 1382 3546 58
1427 3499 1718 3545 stadhouder
1763 3514 1856 3543 van
1902 3497 2156 3543 Germania
2199 3495 2396 3541 inferior

275 3569 507 3619 geweest;
540 3567 627 3618 zijn
659 3562 965 3607 schoonzoon
998 3559 1182 3605 Seneca
1212 3565 1342 3617 priist
1372 3563 1419 3605 in
1450 3564 1536 3616 zijn
1577 3558 1801 3615 geschiift
1847 3556 1945 3610 „De
1976 3557 2209 3601 brevitate
2237 3555 2393 3600 vitae''

277 3623 424 3675 (c.18)
452 3626 539 3678 zijn
571 3620 1043 3677 onbaatzuchtigheid
1075 3637 1133 3665 en
1166 3626 1334 3665 trouw.
