2574 3912
567 204 671 262 AB
713 203 1052 262 EXCESSU
1089 205 1240 262 DIVI
1275 203 1611 262 AUGUSTI
1647 205 1765 262 XV.
2161 211 2234 263 43

824 326 835 441 gf
864 365 1102 424 XLVII.
1176 365 1487 438 Prodigia.

191 505 397 563 XLVII.
453 507 592 564 Fine
651 510 783 563 anni
836 492 1137 576 {tolgantur
1193 504 1455 576 prodigia
1510 509 1922 563 imminentium
1959 507 2237 563 malorum

118 609 342 660 nuntia:
383 606 469 660 vis
509 602 789 674 fulgurum
813 622 933 658 non
953 602 1094 658 alias
1116 601 1389 668 crebrior,
1413 608 1470 657 et
1491 601 1648 658 sidus
1669 609 1939 668 cometes,
1962 606 2235 674 sanguine

119 698 321 756 illustri
376 718 602 770 semper
657 697 872 754 Neroni
922 700 1238 768 expiatum;
1297 697 1558 768 bicipites
1596 697 1886 755 hominum
1925 698 2235 755 aliorumve

121 794 443 852 animalium
498 801 698 865 partus
757 793 968 850 abiecti
1022 796 1082 849 in
1119 791 1409 863 publicum
1447 799 1547 849 aut
1585 796 1643 849 in
1682 793 1991 860 sacrificiis,
2034 793 2237 864 quibus

121 890 388 962 gravidas
426 889 642 945 hostias
679 889 957 945 inmolare
996 909 1122 944 mos
1163 894 1266 954 est,
1306 892 1539 959 reperti.
1578 896 1637 945 et
1673 892 1730 944 in
1752 902 1890 960 agro
1910 889 2237 945 Placentino

122 989 272 1043 viam
319 991 558 1056 propter
595 990 763 1040 natus
802 983 1027 1050 vituluS,
1066 988 1157 1039 cui
1192 991 1363 1054 caput
1399 987 1458 1039 in
1497 1004 1661 1040 crure
1702 992 1883 1041 esset:
1926 991 2239 1055 secutaque

121 1081 481 1151 haruspicum
519 1083 935 1151 interpretatiO,
975 1082 1167 1150 parari
1207 1100 1397 1136 rerum
1435 1079 1808 1136 humanarum
1849 1080 2003 1136 aliud
2051 1087 2264 1150 caput,r

123 1175 230 1233 sed
266 1196 383 1232 non
421 1176 546 1232 iore
586 1175 837 1232 validum
873 1195 1064 1245 neque
1104 1175 1403 1240 occultum,
1445 1178 1578 1245 quia
1615 1178 1674 1231 in
1712 1182 1878 1231 utero
1916 1194 2242 1246 repressum

123 1277 221 1328 aut
256 1273 367 1328 iter
404 1274 562 1328 iuxta
600 1271 816 1327 editum
854 1274 942 1326 sit.

299 1409 849 1468 Gebeurtenissen
884 1428 1013 1467 van
1056 1409 1165 1467 het
1199 1412 1337 1481 iaar
1374 1413 1447 1466 65
1484 1429 1543 1466 n.
1586 1409 1652 1466 C.
1694 1409 1771 1482 (c.
1809 1408 2054 1481 48—74)

440 1618 443 1620 >
530 1571 794 1629 XLVIII.
868 1572 967 1628 De
1007 1573 1510 1644 samenzwering
1546 1591 1673 1629 van
1708 1572 1875 1630 Piso.

134 1650 420 1748 XLVIII.
477 1690 679 1747 Ineunt
737 1690 944 1746 deinde
1003 1690 1359 1747 consulatum
1418 1690 1586 1747 Silius
1642 1690 1836 1747 Nerva
1892 1697 1951 1746 et
2017 1690 2243 1746 Atticus

124 1786 411 1852 VestinuS,
453 1793 663 1856 coepta
701 1785 863 1842 simul
902 1792 959 1842 et
1000 1792 1169 1842 aucta
1208 1789 1621 1852 coniuratione,
1661 1790 1721 1842 in
1760 1807 1933 1856 quam
1984 1789 2243 1842 certatim

125 1885 359 1938 nomina
415 1881 698 1938 dederant
754 1887 1054 1937 senatores
1114 1901 1294 1951 eques
1352 1882 1530 1947 mileS,
1590 1881 1836 1938 feminae
1884 1884 2073 1947 etiam,
2115 1902 2244 1937 cum

128 1978 264 2034 odio
321 1976 581 2042 NeroniS,
638 1983 758 2033 tum
815 1977 1017 2033 favore
1074 1980 1133 2033 in
1173 1976 1237 2033 C.
1276 1977 1558 2033 Pisonem.
1595 1981 1644 2034 is
1683 1976 1992 2048 Calpurnio
2031 1989 2243 2048 genere

129 2079 288 2130 ortus
327 2093 395 2129 ac
431 2073 635 2129 multas
668 2075 1030 2143 insignesque
1051 2072 1292 2129 familias
1312 2079 1556 2143 paterna
1575 2073 1873 2130 nobilitate
1894 2072 2242 2143 complexuS,

129 2168 283 2225 claro
325 2168 478 2239 apud
516 2168 743 2238 volgum
766 2188 996 2224 rumore
1019 2175 1144 2224 erat
1162 2189 1268 2239 per
1288 2172 1559 2225 virtutem
1580 2176 1677 2225 aut
1699 2172 1920 2239 species
1941 2167 2243 2230 virtutibus

129 2263 355 2320 similes,
395 2284 644 2334 namque
684 2264 1013 2320 facundiam
1050 2264 1279 2320 tuendis
1301 2264 1519 2321 civibus
1540 2264 1867 2330 exercebat,
1889 2263 2246 2335 largitionem

128 2359 436 2416 adversum
475 2363 689 2416 amicos
730 2366 790 2416 et
825 2363 1033 2431 ignotis
1074 2380 1322 2430 quoque,
1364 2364 1513 2416 comi
1534 2381 1800 2417 sermone
1823 2367 1881 2417 et
1902 2371 2242 2430 congressu;

130 2454 371 2511 aderant
427 2459 600 2512 etiam
657 2456 906 2521 fortuita,
967 2476 1176 2526 corpus
1234 2476 1554 2526 procerum,
1614 2456 1827 2513 decora
1884 2456 2087 2512 iacies:
2141 2455 2246 2511 sed

189 2652 363 2698 XLVII.
394 2656 435 2698 3.
482 2669 681 2710 semper,
728 2669 780 2699 er
822 2656 862 2699 is
907 2662 1002 2709 nog
1061 2653 1232 2709 spx-ake
1263 2670 1355 2698 van
1387 2653 1446 2698 de
1477 2654 1785 2710 verschiining
1815 2670 1908 2699 van
1938 2670 2028 2699 een
2057 2653 2248 2698 komcet

130 2714 179 2757 in
209 2711 291 2757 het
321 2715 419 2768 jaar
449 2715 506 2757 60
538 2713 615 2766 (cf.
649 2715 718 2766 14,
750 2713 852 2766 2213
885 2711 1082 2769 spoedig
1112 2728 1175 2757 na
1204 2713 1285 2757 het
1316 2713 1608 2770 verschijnen
1640 2730 1732 2759 van
1760 2713 1876 2758 deze
1892 2728 1989 2758 was
2006 2712 2247 2758 Rubellius

131 2770 322 2816 Plautus
353 2787 468 2816 naar
498 2771 616 2816 Azie
645 2771 921 2816 verbannen
953 2787 1013 2816 en
1043 2775 1071 2816 2
1102 2774 1200 2827 jaar
1232 2771 1408 2816 daarna
1439 2772 1643 2827 gedood.

219 2832 261 2874 5.
293 2828 578 2883 Placentino,
611 2830 851 2876 Placentia
881 2833 919 2875 is
951 2831 1033 2876 het
1064 2836 1263 2887 tegenw.
1296 2830 1539 2876 Piacenza.

221 2891 263 2933 6.
297 2894 422 2934 esset
458 2905 497 2919 =
533 2905 637 2934 esse
669 2890 925 2935 ferebatur.

221 2950 264 2992 9.
297 2952 379 2991 aui
415 2963 454 2977 =
493 2954 540 2993 et
570 2951 788 2994 vicissim.

191 3005 387 3051 XLVIII.
421 3009 491 3051 10.
536 3005 681 3052 Silius
709 3007 882 3061 Nerva,
916 3023 1005 3052 een
1037 3006 1173 3052 Silius
1203 3007 1360 3052 Nerva
1389 3022 1487 3052 was
1520 3008 1684 3053 consul
1714 3010 1761 3052 in
1792 3007 1873 3052 het
1904 3008 2000 3062 {aar
2030 3009 2087 3051 28
2118 3023 2163 3051 n.
2197 3005 2247 3050 C.

194 3067 263 3110 12.
296 3065 535 3118 dederant,
569 3065 690 3111 door
719 3065 801 3111 het
830 3067 981 3123 plusq.
1013 3066 1134 3122 perf.
1167 3066 1299 3111 duidt
1331 3066 1522 3111 Tacitus
1555 3083 1657 3120 aan,
1691 3066 1772 3111 dat
1803 3066 1862 3111 de
1886 3068 2248 3120 samenzwering

137 3124 183 3170 al
214 3139 303 3169 aan
336 3124 428 3169 den
459 3133 577 3180 gang
607 3141 706 3170 was
738 3142 799 3170 en
828 3125 931 3170 zich
963 3125 1058 3170 had
1088 3125 1366 3181 uitgebreid,
1399 3125 1607 3170 wellicht
1638 3125 1776 3171 reeds
1807 3128 1855 3170 in
1886 3127 1943 3169 63
1973 3124 2246 3181 begonnem

133 3186 322 3228 nomina
356 3182 470 3228 dare
501 3186 540 3227 is
572 3183 632 3228 de
664 3183 906 3240 eigenlijke
938 3189 1057 3229 term
1087 3201 1209 3229 voor
1239 3185 1346 3237 hen,
1381 3184 1456 3228 die
1501 3184 1604 3229 zich
1650 3201 1770 3229 voor
1817 3184 1909 3229 den
1953 3183 2248 3240 krijgsdienst

135 3251 366 3299 opgeven.

195 3304 263 3347 13.
294 3300 527 3353 Pisonem,
560 3301 674 3345 deze
705 3301 812 3346 Piso
844 3303 883 3346 is
915 3301 1145 3355 dezelfde,
1179 3318 1266 3346 aan
1297 3303 1420 3346 wien
1454 3301 1662 3358 Caligula
1676 3304 1724 3347 in
1740 3301 1822 3346 het
1843 3304 1941 3357 jaar
1957 3303 2074 3346 3811.
2093 3300 2144 3345 C
2161 3305 2248 3357 zijn

133 3376 299 3406 vrouw
331 3360 608 3413 ontroofde;
629 3359 750 3405 door
781 3359 873 3405 den
903 3360 1063 3406 keizer
1094 3360 1269 3405 daarna
1299 3360 1587 3414 verbannen,
1620 3360 1751 3405 werd
1782 3360 1839 3415 hii
1875 3360 1996 3405 door
2027 3359 2249 3405 Claudius

134 3423 535 3476 teruggeroepen5
585 3435 673 3464 een
716 3419 997 3465 onbekende
1029 3419 1207 3465 dichtte
1240 3436 1302 3476 op
1334 3420 1442 3464 Piso
1475 3419 1567 3464 den
1599 3418 1908 3476 Panegyricus
1939 3422 1987 3464 in
2018 3417 2247 3471 Pisonem,

134 3478 288 3522 welke
318 3487 413 3534 nog
444 3494 559 3523 over
588 3480 628 3522 is

198 3538 265 3581 17.
299 3542 343 3581 et
371 3540 541 3593 ignotis
581 3552 778 3593 quoque,
826 3536 1108 3592 afwisseling
1153 3552 1244 3581 van
1290 3539 1591 3590 constructie,
1638 3539 1666 3580 i.
1714 3553 1760 3594 p.
1807 3554 1858 3582 v:
1922 3541 2063 3593 atque
2109 3539 2249 3580 etiam

137 3594 361 3640 adversus
390 3598 592 3651 ignotos,

144 3669 147 3672 ·
194 3655 262 3698 18.
294 3654 498 3707 fortuita,
529 3653 771 3711 uiterlijke‚
803 3670 895 3699 van
926 3653 1007 3699 het
1038 3653 1196 3698 toeval
1228 3654 1539 3711 afhankelijke
1573 3654 1756 3711 dingen.

2270 1707 2311 1740 10

2270 2195 2311 2227 15
