2574 3912
597 184 700 241 AB
739 184 1078 242 EXCESSU
1114 185 1264 242 DIVI
1301 185 1634 244 AUGUSTI
1671 187 1788 245 XV.
2178 195 2249 247 25

135 349 284 403 intra
339 367 594 403 mensem
652 346 926 403 defuncta
982 346 1219 404 infante.
1258 368 1569 419 rursusque
1610 356 1846 407 exortae
1887 350 2249 408 adulationes

135 445 491 498 censentium
528 442 808 498 honorem
847 441 1017 498 divae
1057 448 1116 498 et
1149 442 1412 513 pulvinar
1447 442 1768 515 aedemque
1789 452 1849 502 et
1867 445 2246 503 sacerdotem.

135 543 309 608 atque
359 541 484 608 ipse
534 545 598 594 ut
637 537 906 602 laetitiae,
947 540 1027 594 ita
1065 540 1343 594 maeroris
1381 539 1699 596 inmodicus
1740 544 1869 610 egit.
1912 541 2250 598 adnotatum

134 640 239 699 est,
280 637 434 690 omni
471 640 675 690 senatu
712 633 949 690 Antium
987 633 1092 689 sub
1133 640 1423 690 recentem
1459 642 1687 704 partum
1713 636 1918 702 effuso,
1941 636 2250 694 Thraseam

132 727 479 798 prohibitum
515 733 733 786 inmoto
774 732 964 784 animo
1003 732 1402 799 praenuntiam
1438 733 1779 788 imminentis
1818 733 2011 788 caedis
2048 740 2248 790 contu·
2273 747 2295 779 ⁵

134 824 362 881 meliam
417 807 1048 901 excepisse..s-·‘²‘''secutam
1087 824 1293 881 dehinc
1329 846 1535 881 vocem
1575 824 1844 883 Caesaris
1883 828 2092 888 ierunt,
2134 849 2250 899 qua

133 920 562 977 reconciliatum
600 913 664 976 se
703 920 991 977 Thraseae
1032 921 1187 991 apud
1226 919 1508 977 Senecam
1539 925 1853 989 iactaverit,
1877 944 1945 979 ac
1967 923 2250 980 Senecam

135 1013 374 1072 Caesari
401 1016 757 1087 gratulatum.
779 1015 933 1072 unde
954 1016 1134 1087 gloria
1153 1020 1391 1088 egregiis
1412 1021 1544 1073 viris
1566 1024 1625 1073 et
1642 1019 1898 1088 pericula
1917 1018 2246 1090 gliscebant.

465 1156 682 1234 XXIV.
759 1176 1091 1234 Gezanten
1128 1175 1245 1234 der
1282 1177 1558 1235 Parthen
1592 1183 1657 1235 te
1695 1178 1917 1237 Rome.

204 1321 393 1379 XXIV.
414 1323 566 1380 Inter
587 1344 736 1394 quae
759 1328 909 1380 veris
929 1309 1208 1395 principio
1230 1324 1403 1395 legati
1422 1325 1755 1382 Parthorum
1794 1327 2066 1383 mandata
2100 1330 2247 1398 regis

132 1418 467 1490 Vologaesis
505 1419 839 1490 litterasque
876 1423 935 1476 in
975 1419 1222 1476 eandem
1261 1420 1504 1477 formam
1544 1421 1813 1487 attulere;
1855 1443 1919 1479 se
1957 1425 2151 1494 priora
2189 1429 2248 1480 et
2275 1437 2314 1470 10

131 1518 344 1571 totiens
382 1519 593 1571 iactata
631 1536 805 1587 super
846 1515 1161 1587 optinenda
1197 1516 1475 1573 Armenia
1501 1538 1652 1574 nunc
1675 1522 1956 1584 omittere,
1980 1522 2248 1589 quoniam

133 1610 227 1675 dii,
268 1615 526 1680 quamvis
563 1615 884 1682 potentium
921 1611 1264 1682 populorum
1304 1611 1516 1678 arbitri,
1556 1617 1987 1684 possessionem
2029 1613 2247 1670 Parthis

131 1725 249 1762 non
288 1710 410 1763 sine
449 1710 754 1778 ignominia
790 1707 1050 1764 Romana
1068 1708 1451 1765 tradidissent.
1473 1729 1656 1779 nuper
1677 1709 1929 1765 clausum
1948 1709 2244 1781 Tigranen,

131 1809 265 1871 post
321 1801 558 1858 Paetum
613 1803 999 1874 legionesque,
1059 1824 1188 1860 cum
1258 1807 1581 1874 opprimere
1649 1812 1863 1875 posset,
1933 1805 2246 1862 incolumes

133 1896 428 1954 dimisisse.
470 1902 608 1954 satis
648 1897 1029 1968 adprobatam
1048 1903 1188 1964 virm
1214 1899 1410 1955 datum
1430 1907 1489 1956 et
1506 1900 1755 1957 lenitatis
1779 1904 2244 1971 experimentum.
2272 1924 2312 1956 ιε

132 2013 240 2047 nec
280 2000 672 2050 recusaturum
709 1993 1001 2050 Tiridaten
1040 1995 1374 2065 accipiendo
1404 1995 1715 2052 diademati
1734 1999 1794 2052 in
1812 1996 2012 2052 urbem
2031 2000 2246 2063 venire,

130 2091 238 2144 nisi
285 2089 595 2146 sacerdotii
650 2090 923 2159 religione
963 2093 1330 2147 attineretur:
1373 2095 1583 2147 iturum
1623 2092 1697 2147 ad
1737 2095 1896 2162 signa
1935 2099 1993 2148 et
2033 2092 2250 2163 effigies

129 2188 413 2255 principiS,
454 2185 553 2242 ubi
591 2184 908 2256 legionibus
948 2207 1142 2243 coram
1179 2199 1415 2257 regnum
1455 2190 1864 2257 auspicaretur.

156 2325 165 2336 ›
244 2369 468 2426 XXV.
548 2370 826 2428 Corbulo
882 2370 1087 2428 wordt
1143 2376 1235 2427 tot
1292 2370 1694 2427 aanvoerder
1745 2376 1937 2443 tegen
1993 2369 2075 2427 de

778 2489 1152 2545 Armeniers
1192 2487 1585 2560 aangesteld.

203 2631 368 2690 XXV.
409 2633 641 2692 Talibus
680 2635 1016 2706 Vologaesis
1054 2635 1270 2700 litteris,
1313 2639 1446 2705 quia
1482 2635 1693 2692 Paetus
1709 2635 1936 2691 diversa
1954 2642 2245 2705 tamquam

49 2781 52 2785 Α
130 2727 303 2784 rebus
351 2732 583 2801 integris
637 2731 941 2796 scribebat,
993 2734 1379 2802 interrogatus
1420 2734 1694 2796 centuriO,
1735 2734 1832 2801 qui
1871 2750 2000 2787 cum
2038 2729 2239 2801 legatis
2262 2743 2306 2776 20

130 2983 199 3037 {fl
219 2928 261 3038 2j
296 2925 448 2980 divae,
482 2943 533 2972 er
563 2931 650 2984 zijn
678 2938 772 2987 nog
802 2934 993 2974 munten
1026 2945 1139 2974 over
1156 2934 1251 2974 met
1267 2929 1349 2974 het
1366 2929 1620 2985 opschriit:
1639 2928 1748 2974 diva
1766 2927 1994 2982 Claudfia)
2012 2927 2243 2982 Ner(onis)

169 3000 183 3028 ι
202 3001 246 3029 ιε,
268 3019 278 3029 .

221 3046 263 3087 5.
294 3043 589 3099 prohibitum,
622 3061 686 3090 se.
720 3045 850 3093 aditu
879 3046 1080 3091 Neronis

191 3101 347 3148 XXIV.
379 3105 421 3148 9.
455 3103 595 3159 legati
623 3103 901 3149 Parthorum
934 3106 994 3150 cf.
1027 3122 1067 3150 c.
1103 3107 1171 3150 14.

192 3165 258 3206 10.
293 3165 338 3207 in
371 3163 570 3208 eandem
602 3162 800 3208 formam
831 3187 888 3194 -—
918 3167 966 3210 in
997 3163 1279 3209 denzelfden
1310 3169 1427 3209 toon
1460 3163 1544 3217 (als
1576 3162 1635 3208 de
1666 3162 1919 3216 mandata).

194 3223 262 3265 12.
294 3224 521 3277 quamvis,
554 3221 758 3267 behoort
789 3221 939 3268 alleen
970 3222 1053 3280 bij:
1085 3225 1362 3280 potentium.

195 3283 263 3324 14.
296 3279 551 3326 incolumes
587 3297 625 3311 Ξ
665 3281 850 3326 levend.

191 3341 258 3383 16.
291 3339 567 3396 accipiendo
601 3339 870 3392 diademati.
904 3340 963 3384 ci.
994 3342 1038 3392 6.
1054 3342 1112 3385 43
1132 3358 1140 3385 :
1159 3339 1431 3385 reddendae
1450 3338 1758 3384 dominationi
1774 3341 1973 3391 venisse,
1991 3336 2247 3383 sacerdotii

131 3396 368 3454 religione.
399 3398 520 3445 door
551 3398 611 3443 de
641 3398 808 3455 heilige
838 3398 988 3455 plicht
1015 3415 1110 3444 van
1139 3403 1228 3455 zijn
1257 3398 1568 3456 priesterlijke
1584 3397 1923 3454 waardigheid;
1941 3397 2112 3452 volgen
2127 3397 2242 3440 Plin.

133 3454 189 3500 H.
233 3456 288 3504 N.
332 3460 405 3510 30,
450 3461 492 3511 2.
543 3460 598 3503 16
643 3473 740 3502 was
782 3457 1013 3503 Tirtdates
1043 3460 1244 3514 magier:
1277 3466 1436 3514 magus
1468 3457 1528 3502 ad
1573 3473 1679 3502 eum
1710 3452 1978 3511 (Neronem)
2011 3454 2243 3511 Tiridates

132 3521 340 3570 venerat,
371 3516 704 3562 Armeniacum
736 3515 794 3561 de
826 3533 877 3562 se
908 3517 1192 3573 triumphum
1223 3517 1442 3562 afferens.

177 3577 261 3621 17.
293 3575 359 3620 ad
402 3579 538 3632 signu
585 3580 629 3619 et
674 3575 872 3631 effigies.
920 3575 1008 3621 dus
1052 3591 1168 3620 naar
1211 3591 1301 3621 een
1332 3575 1465 3620 Rom.
1497 3573 1779 3631 legerplaats
1808 3575 1857 3618 in
1889 3572 1948 3618 de
1979 3572 2121 3618 buurt
2150 3587 2242 3616 van

135 3631 378 3687 Armeni‘e';
414 3634 472 3679 de
504 3634 815 3679 beeltenissen
847 3650 937 3679 van
971 3634 1062 3679 den
1092 3634 1250 3679 keizer
1280 3650 1440 3679 waren
1470 3636 1518 3679 in
1551 3633 1608 3678 de
1641 3631 1917 3689 legerplaats
1951 3629 2209 3688 opgesteld.
