2574 3912
609 145 713 202 AB
752 142 1093 202 EXCESSU
1130 141 1281 199 DIVI
1317 139 1649 198 AUGUSTI
1683 139 1800 221 XV.
2191 143 2256 195 15

139 314 189 368 si
229 313 356 382 quis
394 312 631 380 integer,
672 307 981 378 longinqua
1021 283 1078 362 et
1132 307 1277 370 avia,
1329 304 1615 359 vulnerati
1673 309 1860 358 castra
1915 303 2258 373 repetivere,

139 410 409 463 virtutem
429 408 592 476 regis,
611 405 911 460 saevitiam
929 409 987 458 et
1004 404 1200 471 copias
1218 403 1487 470 gentium,
1506 405 1712 455 cuncta
1727 405 1885 455 metu
1902 396 2257 462 extollenteS,

139 502 290 561 facili
347 501 688 558 credulitate
739 518 955 562 eorum,
1009 500 1106 567 qui
1155 495 1360 552 eadem
1410 494 1718 566 pavebant.
1758 514 1832 551 ne
1872 493 1989 550 dux
2028 493 2260 563 quidem

140 598 322 656 obniti
370 597 645 661 adversiS,
700 593 806 650 sed
863 599 1070 649 cuncta
1125 592 1358 648 militiae
1415 593 1608 647 munia
1665 590 2018 655 deseruerat,
2076 590 2258 644 missis

140 699 347 752 iterum
387 693 462 750 ad
502 691 892 749 Corbulonem
929 688 1212 759 precibuS,
1253 690 1475 744 veniret
1493 706 1759 757 propere,
1782 689 1943 756 signa
1963 691 2021 741 et
2041 684 2259 755 aquilas
2282 709 2305 743 5

140 798 199 848 et
236 811 448 847 nomen
486 787 766 857 reliquum
803 785 1042 841 infelicis
1083 785 1369 839 exercitus
1408 788 1696 846 tueretur:
1732 801 1794 837 se
1826 780 2000 837 fidem
2018 783 2259 846 interim,

141 887 328 943 donec
366 888 486 942 vita
525 881 869 953 subpeditet,
910 886 1252 936 retenturos,

604 1036 737 1094 XII.
780 1034 1057 1093 Corbulo
1094 1038 1244 1106 gaat
1279 1051 1439 1090 naar
1476 1032 1799 1089 Armeni&

219 1186 332 1244 XII.
408 1185 502 1242 Ille
558 1187 849 1241 interritus
907 1189 965 1238 et
1020 1188 1186 1252 parte
1245 1184 1538 1252 copiarum
1592 1179 1746 1250 apud
1786 1177 2010 1235 Suriam
2046 1177 2260 1243 relicta,

146 1290 209 1340 ut
269 1285 622 1340 munimenta
658 1279 935 1350 Euphrati
972 1282 1220 1348 inposita
1256 1279 1654 1341 retinerentur,
1695 1295 1810 1345 qua
1846 1277 2166 1345 proximum
2205 1279 2264 1328 et

148 1378 562 1436 commeatibus
583 1397 700 1433 non
723 1388 981 1447 egenum,
1013 1377 1307 1445 regionem
1340 1371 1802 1442 Commagenam,
1845 1373 1994 1426 exim
2034 1368 2262 1440 Cappa·
2288 1372 2330 1405 ¹⁰

148 1475 393 1540 dociam,
444 1473 579 1530 inde
618 1473 928 1527 Armenios
966 1473 1182 1541 petivit.
1225 1468 1644 1525 comitabantur
1685 1469 1999 1523 exercitum
2034 1471 2264 1536 praeter

145 1570 256 1627 alia
279 1576 450 1626 sueta
474 1567 626 1625 bello
669 1576 875 1638 magna
913 1569 997 1622 vis
1038 1565 1386 1622 camelorum
1425 1570 1635 1620 onusta
1673 1564 1957 1627 frumenti,
1996 1568 2060 1618 ut
2099 1561 2265 1618 simul

146 1665 378 1723 hostem
416 1665 740 1734 famemque
782 1662 1114 1733 depelleret.
1139 1664 1381 1732 primum
1420 1681 1452 1716 e
1483 1659 1761 1730 perculsis
1790 1658 2066 1723 Paccium,
2098 1660 2265 1728 primi

144 1761 242 1832 pili
281 1763 694 1824 centurionem,
738 1758 969 1814 obvium
1007 1756 1220 1822 habuit,
1263 1756 1396 1812 dein
1444 1756 1753 1826 plerosque
1810 1755 2076 1818 militum;
2118 1773 2264 1823 quos

147 1856 407 1913 diversas
446 1856 615 1927 fugae
657 1875 859 1910 causas
899 1853 1283 1910 obtendentes
1320 1851 1509 1907 redire
1550 1850 1625 1907 ad
1646 1853 1805 1920 signa
1825 1855 1884 1906 et
1906 1849 2265 1905 clementiam
2290 1843 2331 1876 ¹⁵

145 1951 306 2008 Paeti
346 1953 598 2021 experiri
634 1949 934 2005 monebat:
975 1970 1038 2005 se
1076 1951 1186 2004 nisi
1223 1946 1535 2004 victoribus
1574 1949 1846 2002 immitem
1901 1936 2269 2028 esse.}'‘'simul

145 2067 279 2103 suas
318 2046 575 2117 legiones
617 2044 793 2109 adire,
835 2044 1077 2109 hortari;
1118 2046 1370 2113 priorum
1410 2042 1740 2106 admonere,
1780 2021 2265 2110 novamwgloriam

145 2141 473 2199 ostendere.
513 2161 634 2197 non
671 2143 831 2196 vicos
875 2146 975 2195 aut
998 2139 1213 2210 oppida
1231 2138 1651 2202 Armeniorum,
1675 2136 1781 2192 sed
1801 2143 1991 2192 castra
2008 2135 2268 2191 Romana

146 2237 406 2307 duasque
446 2240 504 2292 in
541 2239 608 2292 iis
649 2235 907 2306 legiones
950 2238 1197 2305 pretium
1235 2233 1449 2290 laboris
1504 2235 1638 2303 peti.
1695 2235 1744 2288 si
1801 2231 2031 2302 singulis
2088 2233 2266 2286 mani-

238 2416 278 2458 1.
340 2411 593 2468 longinqua
626 2416 670 2456 et
700 2414 826 2464 avia,
857 2427 922 2455 sc.
953 2413 1181 2468 petivere,
1214 2416 1261 2455 te
1292 2426 1463 2454 nemen
1491 2411 1588 2454 uit:
1620 2411 1902 2465 repetivere.

235 2475 278 2517 2.
339 2475 594 2522 saevitiam,
627 2471 944 2526 strijdwoede.
957 2473 1174 2526 gentium,
1192 2472 1259 2515 uit
1275 2469 1462 2513 welken
1477 2468 1559 2512 het
1574 2468 1701 2523 leger
1718 2467 1801 2513 der
1817 2465 2021 2512 Parthen
2036 2463 2263 2518 bestond;

149 2529 210 2575 de
255 2530 449 2587 geheele
495 2530 805 2586 beschrijving
851 2529 966 2574 doet
1012 2545 1098 2574 ons
1130 2529 1319 2573 denken
1350 2544 1439 2573 aan
1471 2527 1587 2571 Hist.
1620 2530 1661 2579 3,
1693 2529 1779 2572 61:
1813 2525 2002 2583 quidam
2032 2527 2081 2570 in
2112 2530 2267 2570 castra

148 2589 299 2694 {effugi
341 2594 513 2636 cuncta
551 2590 801 2635 formidine
847 2588 1123 2646 implebant,
1170 2587 1385 2644 augendo
1431 2586 1696 2632 rumoribus
1741 2589 1963 2631 virtutem
2009 2586 2266 2641 copiasque

185 2652 356 2695 ostium
374 2681 385 2693 .
404 2681 414 2693 .
435 2681 444 2692 .
464 2681 474 2692 .

238 2709 281 2752 6.
342 2723 508 2752 nomen
542 2739 552 2750 .
587 2739 597 2750 .
631 2740 640 2752 .
674 2740 684 2751 .
718 2710 962 2759 exercitus,
1008 2711 1156 2751 vert.:
1204 2705 1286 2750 het
1333 2702 1645 2760 onffelukkige
1676 2701 1818 2759 leger,
1852 2701 1934 2748 dat
1963 2710 2058 2758 nog
2089 2700 2265 2747 slechts

149 2768 198 2812 in
228 2782 366 2811 naam
396 2765 614 2815 bestond.
646 2765 728 2811 het
759 2764 1128 2811 schaduwbeeld
1158 2781 1253 2810 van
1283 2798 1293 2809 .
1327 2797 1336 2809 .
1371 2797 1381 2809 .

209 2823 305 2870 XII.
396 2827 438 2870 8.
470 2825 602 2881 apud
634 2840 678 2854 =
715 2828 778 2870 in.

239 2887 281 2928 9.
345 2899 438 2940 qua
469 2887 740 2940 proximum,
772 2900 838 2930 sc.
869 2883 971 2929 fuit.

213 2945 282 2988 10.
315 2955 522 3000 egenum,
553 2943 598 2987 h.
616 2943 644 2986 l.
678 2943 831 2987 alleen
863 2959 902 2988 c.
936 2941 1027 2987 abl.
1060 2947 1293 2999 geconstr.
1329 2939 1706 2996 Commagenam,
1753 2938 1846 2983 h.1.
1879 2938 2076 2995 adject.;
2126 2936 2266 2982 Com-

151 3010 348 3058 magene
378 3018 476 3046 was
507 3001 589 3046 het
619 3001 674 3046 N.
694 3000 906 3058 ·.lijkste
938 3001 1044 3046 deel
1074 3019 1167 3047 van
1198 3001 1331 3057 Syrie
1364 3002 1579 3056 (tegenw.
1613 2998 1845 3051 Camashl.

213 3064 280 3106 12.
344 3065 510 3106 onusta
559 3061 788 3113 frumenti,
836 3060 1051 3106 dezelfde
1084 3066 1258 3107 constr.
1289 3060 1423 3105 komt
1452 3075 1573 3104 voor
1603 3058 1662 3115 bij
1698 3057 1890 3102 Plautus
1920 3054 2028 3101 Aul.
2059 3056 2102 3109 4.
2133 3057 2176 3108 2,
2209 3057 2264 3099 4:

152 3120 305 3166 aulam
337 3125 554 3166 onustam
584 3122 697 3164 auri.

214 3182 282 3224 13.
342 3178 577 3229 Paccium,
609 3178 668 3223 cf.
705 3179 772 3231 13,
804 3180 888 3223 36:
924 3195 1082 3224 curam
1098 3177 1440 3236 praesidiorum
1455 3176 1626 3221 Paccio
1647 3174 1817 3229 Orfito,
1836 3176 1970 3231 primi
1986 3172 2068 3231 pili
2083 3172 2266 3218 honore

151 3238 421 3296 perfuncto.
453 3237 659 3290 mandat,

214 3299 283 3342 14.
343 3299 604 3354 plerosque.
635 3311 744 3341 zeer
773 3295 925 3341 velen.

212 3358 281 3401 16.
345 3358 559 3412 experiri,
577 3356 659 3400 het
674 3355 802 3400 laten
834 3353 1100 3400 aankomen
1132 3371 1223 3412 op:
1258 3354 1318 3399 cf.
1353 3353 1529 3399 Caesar
1559 3352 1612 3398 B.
1632 3351 1690 3398 G.
1725 3355 1765 3406 1,
1798 3353 1884 3397 31:
1917 3350 2266 3406 fortunamque,

154 3429 477 3472 quaecumque
509 3415 708 3467 accidat,
740 3417 1054 3469 experiantur.

214 3475 282 3518 16.
343 3490 396 3518 se
441 3477 534 3519 nisi
579 3471 830 3519 victoribus
878 3475 1092 3518 immitem
1139 3488 1242 3518 esse
1290 3487 1334 3503 =
1387 3488 1439 3517 se
1484 3471 1689 3527 fugitivis
1734 3471 1955 3514 immitem
2002 3472 2050 3513 et
2079 3469 2267 3512 nonnisi

155 3532 412 3578 victoribus
442 3536 599 3578 mitem
630 3548 748 3577 esse.
831 3588 834 3592 V

178 3597 181 3600 ’
216 3593 284 3636 19.
345 3595 442 3648 peti
468 3616 527 3622 -—-
556 3592 638 3636 het
669 3590 780 3636 doel
809 3593 910 3647 z'ijn.
