2574 3912
339 201 413 254 50
1080 193 1427 253 CORNELII
1463 193 1715 252 TACITI

339 359 547 417 eadem
583 357 856 423 viderint:
877 356 1013 414 nihil
1030 357 1393 428 profuturum
1411 359 1579 414 unius
1600 356 1901 423 silentium,
1924 363 1983 415 at
2001 361 2258 429 praemia
2280 379 2463 430 penes

339 476 516 513 unum
552 454 695 521 lore,
735 454 834 525 qui
869 452 1082 510 indicio
1119 456 1535 524 praevenisset.

603 600 724 659 LV.
792 599 1310 658 Bekentenissen
1344 619 1473 658 van
1509 599 1753 658 Natalis
1792 620 1875 658 en
1909 600 2216 658 Lucanus.
2310 652 2320 662 .

410 757 523 815 LV.
579 756 751 828 Igitur
804 761 1014 827 coepta
1052 755 1178 812 luce
1218 755 1485 813 Milichus
1523 759 1582 813 in
1619 757 1818 813 hortos
1859 755 2213 814 Servilianos
2249 761 2464 830 pergin

341 860 400 911 et
455 874 585 911 cum
638 851 860 910 foribus
920 859 1231 918 arceretur,
1290 864 1500 924 magna
1557 859 1616 908 et
1672 855 1891 910 atrocia
1930 852 2158 910 adferre
2199 852 2468 911 dictitans

296 974 318 1008 5
341 949 740 1020 deductusque
801 948 876 1005 ab
915 947 1256 1005 ianitoribus
1296 947 1372 1004 ad
1409 948 1677 1005 libertum
1713 947 1960 1006 Neronis
1996 947 2467 1020 Epaphroditum,

339 1066 475 1103 mox
528 1044 603 1102 ab
660 1065 734 1101 eo
794 1044 870 1102 ad
925 1043 1234 1110 Neronem,
1274 1055 1484 1115 urgens
1520 1044 1851 1115 periculum,
1894 1057 2098 1116 graves
2138 1048 2470 1102 coniuratos

342 1148 402 1199 et
454 1148 665 1207 cetera,
724 1160 874 1212 quae
933 1139 1250 1206 audiverat,
1289 1143 1737 1206 coniectaverat,
1778 1140 1980 1207 docet;
2021 1141 2198 1198 telum
2236 1161 2470 1212 quoque

340 1242 398 1297 in
435 1258 639 1294 necem
677 1240 803 1294 eius
838 1242 1106 1307 paratum
1146 1235 1402 1293 ostendit
1442 1231 1729 1307 accirique
1767 1256 1931 1293 reum
1967 1239 2149 1294 iussit.
2185 1240 2234 1294 is
2269 1243 2470 1308 raptus

339 1355 446 1406 per
483 1333 689 1390 milites
729 1339 788 1390 et
826 1332 1225 1390 defensionem
1262 1352 1444 1393 orsus,
1486 1333 1718 1399 ferrum,
1760 1335 1922 1389 cuius
1961 1339 2315 1404 argueretur,
2337 1331 2472 1390 olim

278 1462 320 1496 10
340 1430 615 1501 religione
651 1431 842 1501 patria
879 1426 1095 1486 cultum
1134 1435 1192 1484 et
1229 1431 1288 1485 in
1326 1427 1588 1485 cubiculo
1627 1427 1884 1486 habitum
1923 1449 1991 1485 ac
2029 1413 2235 1485 iraude
2285 1427 2473 1485 liberti

342 1526 679 1597 subreptum
716 1519 1283 1608 respondit3,ffabulas
1303 1527 1634 1582 testamenti
1653 1528 1885 1596 saepius
1906 1546 1941 1581 a
1960 1545 2023 1581 se
2046 1531 2105 1582 et
2121 1524 2473 1583 incustodita

343 1623 566 1680 dierum
623 1613 1035 1679 observatione
1093 1625 1363 1692 signatas.
1421 1623 1698 1692 pecunias
1751 1627 1810 1678 et
1862 1621 2160 1678 libertates
2197 1623 2379 1678 servis
2415 1628 2483 1677 et'

343 1726 478 1777 ante
517 1718 674 1776 dono
715 1717 900 1784 dataS,
940 1716 1047 1774 sed
1084 1717 1219 1774 ideo
1251 1723 1390 1775 tunc
1411 1716 1638 1790 largius,
1662 1720 1796 1788 quia
1815 1719 1976 1776 tenui
1993 1720 2108 1774 iam
2126 1737 2191 1774 re
2213 1715 2475 1774 familiari

342 1822 401 1873 et
417 1813 760 1873 instantibus
780 1813 1164 1871 creditoribus
1184 1820 1534 1871 testamento
1556 1792 2182 1908 diffideretygnimvero
2206 1812 2474 1870 liberales

279 1934 319 1968 15
340 1932 570 1983 semper
609 1909 809 1983 epulas
849 1913 1154 1975 struxisse;
1188 1913 1365 1966 vitam
1388 1931 1694 1967 amoenam
1714 1917 1774 1967 et
1794 1910 1951 1967 duris
1970 1909 2255 1967 iudicibus
2272 1929 2476 1981 parum

338 2008 674 2080 probatam„
712 2006 972 2064 fomenta
1020 2006 1352 2064 volneribus
1409 2006 1563 2063 nulla
1599 2010 1758 2063 iussu
1797 2026 1920 2072 su0,
1961 2005 2068 2063 sed
2107 2009 2243 2077 quia
2280 2011 2476 2063 cetera

338 2104 531 2176 palam
568 2124 721 2161 vana
760 2102 1088 2167 obiecisset,
1127 2099 1402 2188 adiugere
1443 2112 1676 2169 crimen,
1717 2105 1878 2159 cuius
1900 2123 1963 2159 se
1984 2105 2202 2173 pariter
2223 2102 2476 2159 indicem

342 2207 403 2258 et
439 2206 649 2258 testem
683 2199 920 2257 iaceret.
961 2198 1139 2256 adicit
1179 2198 1344 2257 dietis
1384 2202 1795 2264 constantiam:
1825 2202 2049 2255 incusat
2068 2197 2216 2255 ultro
2235 2201 2473 2255 intesta-

339 2296 515 2354 bilem
553 2302 613 2353 et
651 2295 1124 2361 consceleratum,
1151 2302 1315 2352 tanta
1334 2298 1497 2352 vocis
1519 2315 1587 2351 ac
1608 2294 1799 2351 vultus
1819 2298 2146 2360 securitate,
2168 2300 2232 2350 ut
2250 2292 2475 2350 labaret

436 2483 476 2525 1.
511 2480 711 2526 viderint
750 2495 789 2509 =
826 2485 998 2526 weten.

403 2539 495 2585 LV.
526 2542 568 2586 3.
600 2542 647 2585 in
663 2539 826 2585 hortos
851 2537 1162 2592 Servilianos,
1195 2538 1255 2585 de
1286 2540 1424 2595 juiste
1455 2538 1624 2595 ligging
1653 2532 1747 2583 van
1778 2536 1927 2583 dezen
1956 2539 1996 2583 is
2012 2539 2112 2583 niet
2127 2535 2341 2590 bekend;
2361 2535 2475 2582 daar

345 2598 462 2646 Suet
492 2598 600 2645 Ner.
631 2601 689 2644 47
723 2599 919 2648 bericht,
952 2598 1034 2644 dat
1064 2598 1191 2645 Nero
1226 2615 1288 2656 op
1319 2603 1409 2655 zijn
1438 2597 1601 2644 vlucht
1630 2613 1746 2643 naar
1778 2596 1914 2642 Ostia
1942 2596 2068 2642 inde
2086 2595 2211 2642 horti
2228 2595 2475 2650 Serviliani

345 2658 525 2709 toefde.
555 2658 804 2704 vermoedt
834 2674 955 2711 men,
988 2658 1070 2703 dat
1101 2662 1153 2713 zij
1187 2657 1413 2704 tusschen
1443 2657 1595 2703 Rome
1627 2673 1686 2702 en
1718 2655 1854 2702 Ostia
1883 2672 2044 2701 waren
2075 2655 2281 2712 gelegen.
2489 2709 2496 2716 ,

435 2721 475 2763 5.
506 2717 896 2775 Epaphroditum,
930 2717 1046 2764 deze
1078 2716 1345 2763 bekleedde
1379 2717 1460 2762 het
1489 2717 1618 2762 ambt
1651 2732 1708 2769 „a
1745 2715 1941 2761 libellis''
1976 2731 2036 2761 en
2051 2731 2151 2760 was
2168 2715 2228 2760 de
2245 2713 2475 2772 opvolger

345 2793 439 2823 van
470 2777 798 2835 Doryphoros,
833 2777 954 2823 door
986 2777 1112 2822 Nero
1146 2779 1194 2822 in
1225 2779 1284 2822 62
1315 2775 1506 2833 gedood
1537 2776 1614 2830 (cf.
1650 2778 1718 2829 14,
1750 2776 1838 2829 65);
1872 2775 1992 2820 later
2021 2774 2154 2820 werd
2185 2774 2238 2820 E.
2256 2790 2319 2832 op
2337 2771 2475 2819 bevel

345 2853 438 2883 van
470 2837 765 2884 Domitianus
796 2835 1001 2893 gedood,
1038 2836 1199 2882 omdat
1230 2835 1288 2893 hij
1321 2835 1448 2882 Nero
1481 2836 1539 2892 bij
1575 2836 1707 2881 diens
1738 2834 2003 2880 zelsmoord
2035 2833 2347 2892 behulpzaam
2375 2848 2475 2878 was

347 2902 571 2953 geweest.

435 2958 479 3000 6.
508 2967 681 3013 graves
719 2971 757 2985 =
798 2954 1065 3011 gevaarlijk.

436 3018 478 3061 9.
511 3018 642 3060 cuias
688 3019 974 3071 argueretur,
1008 3029 1097 3059 een
1127 3017 1417 3071 praegnante
1449 3011 1769 3068 uitdrukking,
1804 3011 1918 3057 daar
1948 3010 2157 3058 bedoeld
2186 3013 2227 3056 is
2258 3009 2473 3066 datge'ne,

347 3079 444 3119 wat
475 3074 532 3130 hii
566 3079 661 3119 met
692 3073 785 3119 den
816 3073 931 3119 dolk
962 3089 1279 3119 voornemens
1310 3089 1409 3118 was
1439 3077 1488 3116 te
1521 3071 1661 3117 doen.
1694 3071 1917 3129 religione
1948 3064 2118 3127 patria’,
2151 3071 2213 3116 cf.
2237 3085 2278 3115 c.
2303 3071 2379 3123 53;
2401 3071 2473 3125 wii

347 3133 538 3179 kunnen
569 3133 742 3179 hieruit
774 3133 1024 3191 opmaken,
1058 3133 1141 3177 dat
1174 3131 1431 3178 Scaevinus
1462 3134 1531 3177 uit
1561 3130 1862 3177 Ferentinum
1893 3131 2061 3176 kwam.

412 3196 480 3238 11.
512 3192 792 3237 incustodita
826 3192 1002 3237 dierum
1035 3191 1364 3237 observatione
1401 3207 1440 3220 =
1479 3190 1608 3236 nulla
1636 3194 1820 3236 ratione
1854 3190 2033 3236 dierum
2064 3188 2238 3234 habita.

412 3255 480 3297 14.
512 3256 783 3297 testamento
817 3251 918 3296 dissi
925 3251 1064 3304 deret,
1082 3251 1195 3296 daar
1212 3256 1337 3295 eerst
1353 3249 1412 3295 de
1429 3249 1804 3295 schuldeischers
1821 3250 2049 3295 tevreden
2066 3252 2278 3294 moesten
2295 3245 2474 3303 gesteld

348 3311 561 3363 worden,
593 3310 799 3356 voordat
831 3310 890 3355 de
924 3313 1113 3366 overige
1145 3310 1468 3366 schenkingen
1498 3326 1589 3355 van
1621 3309 1791 3354 kracht
1821 3308 2016 3354 konde'n
2047 3311 2148 3363 ziin.

413 3373 480 3415 15.
515 3374 682 3415 vitam.
703 3404 712 3414 .
733 3403 742 3414 .
761 3369 1026 3425 probatam,
1059 3386 1124 3415 sc.
1157 3372 1331 3425 egisse5
1365 3370 1425 3414 cf.
1459 3385 1499 3413 c.
1531 3372 1616 3414 49:
1651 3369 1885 3415 Scaevino
1923 3366 2149 3412 dissoluta
2193 3364 2305 3411 luxu
2342 3380 2473 3409 mens

353 3435 401 3474 et
432 3429 633 3486 proinde
666 3432 761 3474 vita
792 3445 959 3475 somno
993 3428 1225 3485 languida.

413 3491 479 3532 16.
514 3489 717 3533 fomenta
737 3522 746 3532 .
771 3493 957 3534 ..iussu
989 3504 1091 3541 suo,
1124 3504 1190 3532 sc.
1221 3492 1402 3544 parata.

412 3550 479 3592 17.
513 3547 684 3603 palam,
731 3547 799 3593 dit
846 3547 1051 3593 behoort
1097 3547 1184 3603 bij:
1233 3563 1368 3592 vana.
1417 3546 1678 3598 obiecisset,
1725 3544 1792 3590 als
1837 3543 1956 3600 subi.
2002 3541 2163 3598 hierbii
2195 3547 2244 3587 te
2273 3557 2472 3588 nemen:

349 3606 607 3651 libertinus.
639 3606 836 3651 indicem
870 3612 913 3652 ei
943 3612 1117 3657 testem,
1149 3606 1209 3651 cf.
1248 3609 1289 3658 3,
1327 3609 1408 3651 10:
1441 3622 1596 3651 rerum
1626 3604 1810 3650 indices
1840 3609 1888 3649 et
1919 3608 2079 3648 testes.
2411 3653 2414 3658 Ι

412 3667 479 3710 18.
512 3665 818 3710 intestabilem
838 3672 879 3710 et
895 3665 1278 3717 consceleratum,
1296 3665 1418 3711 door
1433 3668 1519 3722 zijn
1539 3662 1961 3710 ondankbaarheid
1977 3665 2137 3718 jegens
2151 3664 2240 3717 zijn
2255 3659 2474 3716 vriilater.
