2574 3912
631 158 734 216 AB
772 158 1113 216 EXCESSU
1150 159 1301 216 DIVI
1342 149 1675 217 AUGUSTI
1710 158 1827 217 XV.
2213 166 2284 218 35

166 325 458 393 auspices;
499 320 607 378 dos
646 327 705 377 et
737 320 972 391 genialis
1009 327 1168 376 torus
1208 327 1267 376 et
1302 320 1460 377 iaces
1482 320 1784 391 nuptiales,
1807 327 2014 378 cuncta
2036 321 2283 392 denique

166 423 442 489 spectata,
484 437 633 488 quae
675 419 847 472 etiam
884 418 943 471 in
981 415 1193 472 femina
1230 436 1348 471 nox
1392 419 1594 486 operit.

723 532 1054 590 XXXVIII.
1093 531 1308 590 Brand
1344 551 1474 590 van
1508 532 1727 590 Rome.

240 651 526 709 XXXVHI.
584 650 853 721 Sequitur
904 649 1115 716 cladeS,
1175 651 1328 707 forte
1388 671 1461 706 an
1515 649 1649 706 dolo
1698 653 1969 722 principis
2006 654 2286 708 incertum

169 750 323 818 (nam
375 755 679 818 utrumque
738 752 1007 803 auctores
1064 746 1418 816 prodidere),
1477 746 1584 802 sed
1634 747 1915 813 omnibuS,
1969 767 2118 818 quae
2155 748 2285 804 huic

166 844 295 901 urbi
341 864 446 915 per
495 842 831 899 violentiam
882 845 1096 913 ignium
1145 841 1495 907 acciderunt,
1536 844 1764 912 gravior
1803 849 1977 913 atque
2017 847 2328 902 atrociora

166 943 386 996 initium
436 942 494 995 in
547 959 619 995 ea
654 944 819 1008 parte
859 941 994 993 circi
1033 944 1236 1002 ortum,
1278 958 1428 1007 quae
1468 936 1726 994 Palatino
1768 937 2083 1008 Caelioque
2123 960 2285 996 mon-

166 1034 319 1093 tibus
375 1038 642 1105 contigua
699 1041 803 1100 est,
863 1033 962 1090 ubi
1015 1054 1120 1104 per
1170 1033 1459 1099 tabernaS,
1512 1033 1720 1103 quibus
1759 1033 1819 1090 id
1856 1037 2286 1091 mercimonium

166 1135 368 1197 inerat,
419 1150 535 1200 quo
575 1130 805 1186 flamma
845 1130 1026 1195 alitur,
1068 1130 1234 1186 simul
1275 1136 1516 1200 coeptus
1554 1132 1697 1199 ignis
1738 1136 1796 1186 et
1834 1133 2026 1186 statim
2062 1129 2285 1187 validus

167 1247 237 1284 ac
287 1233 462 1283 vento
514 1229 660 1282 citus
709 1224 1121 1296 longitudinem
1159 1228 1292 1280 circi
1332 1228 1620 1296 corripuit.
1659 1246 1850 1295 neque
1889 1229 2042 1282 enim
2081 1226 2284 1282 domus

166 1325 527 1380 munimentis
568 1328 805 1392 saeptae
845 1321 938 1378 vel
974 1321 1190 1391 templa
1228 1324 1401 1376 muris
1426 1324 1613 1377 cincta
1635 1328 1734 1378 aut
1754 1321 1891 1391 quid
1913 1320 2068 1377 aliud
2087 1342 2283 1377 morae

165 1417 559 1475 interiacebat.
598 1420 815 1487 impetu
852 1423 1225 1487 pervagatum
1256 1415 1582 1472 incendium
1600 1415 1774 1487 plana
1792 1419 2052 1487 primum,
2074 1415 2285 1472 deinde

166 1517 224 1570 in
263 1513 419 1570 edita
457 1524 760 1583 assurgens
800 1519 859 1569 et
896 1532 1094 1568 rursus
1132 1512 1406 1567 inferiora
1443 1511 1778 1582 populando
1811 1515 2011 1568 anteiit
2029 1512 2286 1569 remedia

167 1609 473 1666 velocitate
526 1609 658 1664 mali
711 1614 770 1664 et
810 1607 1063 1664 obnoxia
1101 1607 1244 1663 urbe
1283 1611 1419 1664 artis
1458 1606 1755 1664 itineribus
1792 1608 2020 1678 hucque
2060 1615 2120 1665 et
2155 1608 2284 1665 illuc

166 1705 335 1761 flexis
409 1711 582 1774 atque
660 1703 989 1760 enormibus
1064 1706 1221 1769 viciS,
1303 1703 1484 1773 qualis
1553 1709 1721 1759 vetus
1790 1703 1974 1760 Roma
2030 1704 2151 1760 fuit.
2210 1705 2285 1761 ad

170 1800 282 1856 hoc
319 1800 570 1856 lamenta
625 1802 957 1870 paventium
1014 1799 1368 1863 feminarum,
1428 1799 1582 1855 fessa
1639 1805 1740 1855 aut
1794 1798 1951 1856 rudis
2005 1803 2285 1870 pueritiae

173 1902 352 1961 aetas;
398 1897 614 1965 quique·
647 1894 755 1951 sibi
796 1897 1006 1965 quique
1032 1894 1152 1950 aliis
1175 1893 1568 1960 consulebant,
1595 1893 1731 1950 dum
1749 1895 1983 1951 trahunt
2001 1895 2284 1952 invalidos

169 1997 267 2047 aut
305 1994 693 2062 opperiuntur,
732 2010 866 2060 pars
904 2010 1082 2056 mora,
1122 2010 1255 2060 pars
1295 1990 1590 2056 festinans,
1631 1997 1838 2047 cuncta
1875 1990 2283 2060 impediebant.

167 2094 226 2143 et
263 2106 458 2157 saepe,
499 2085 633 2142 dum
669 2089 729 2142 in
765 2093 986 2156 tergum
1023 2092 1370 2156 respectant,
1410 2086 1685 2143 lateribus
1719 2093 1816 2143 aut
1835 2086 2026 2143 fronte
2046 2090 2282 2143 circum-

165 2182 558 2247 veniebantur,
617 2181 710 2238 vel
746 2185 794 2238 si
830 2185 889 2237 in
925 2184 1186 2252 proxima
1223 2188 1546 2247 evaserant,
1585 2182 1691 2239 illis
1731 2203 1962 2252 quoque
2000 2185 2116 2253 igni
2155 2203 2281 2239 cor-

164 2281 359 2348 reptiS,
415 2281 605 2341 etiam,
647 2298 795 2348 quae
835 2278 1143 2348 longinqua
1181 2278 1563 2344 crediderant,
1601 2281 1659 2334 in
1698 2278 1905 2334 eodem
1939 2299 2077 2334 casu
2114 2299 2282 2349 repe-

249 2435 291 2477 2.
322 2436 548 2488 spectata,
581 2437 663 2477 ten
696 2436 815 2476 toon
849 2431 1045 2488 gesteld.

223 2490 462 2536 XXXVIII.
493 2494 534 2535 7.
580 2506 665 2548 per
696 2489 931 2544 tabernas,
966 2491 1114 2535 dezen
1145 2490 1401 2536 bevonden
1432 2490 1534 2536 zich
1567 2507 1655 2536 aan
1680 2490 1772 2535 den
1788 2490 2068 2536 buitenkant
2083 2508 2174 2536 van
2193 2491 2284 2536 den

167 2566 331 2617 eircuS,
364 2563 424 2610 ef.
455 2563 610 2616 Dion.,
640 2563 787 2608 Halic.
819 2566 861 2617 3,
888 2566 966 2608 68:
1003 2554 1119 2607 ἔστι
1158 2554 1215 2608 δὲ
1259 2554 1353 2606 καὶ
1393 2554 1511 2622 περὶ
1550 2556 1641 2608 τὸν
1693 2554 2016 2623 ἱππόδρομον
2071 2554 2282 2618 ἔξωθεν

163 2626 326 2695 ἑτέρα,
383 2627 519 2681 στοὰ
573 2628 896 2698 μονόστεγος
954 2628 1291 2698 ἐργαστήρια
1342 2627 1541 2697 ἔχουσα
1599 2629 1653 2681 ἐν
1709 2628 1842 2698 αὑτῇ
1901 2627 1996 2681 καὶ
2047 2628 2280 2697 οἰκήσεις

164 2700 295 2769 ὑπὲρ
324 2701 484 2755 αὐτὰ.
524 2714 886 2764 mercimonium,
918 2727 1008 2756 een
1040 2711 1209 2756 woord
1240 2714 1308 2757 uit
1339 2712 1420 2756 het
1452 2711 1630 2758 oudere
1663 2712 1812 2767 Latijn
1844 2721 2208 2768 overgenomen.

251 2773 295 2815 9.
327 2773 446 2815 citus
482 2793 522 2808 =
561 2773 806 2823 excitatus,
841 2771 900 2815 cf.
933 2773 974 2823 2,
1007 2773 1056 2815 6:
1092 2774 1214 2816 citae
1245 2774 1385 2822 remis
1416 2787 1576 2816 naves.

250 2831 294 2874 9.
327 2829 493 2874 domus
545 2851 584 2866 =
636 2830 864 2886 paleizen,
910 2829 1011 2874 hier
1055 2829 1252 2874 staande
1300 2835 1556 2886 tegenover
1600 2829 1779 2875 insulae
1828 2845 1867 2858 =
1919 2828 2283 2875 huurkazernes.

163 2891 469 2941 munimentis.
500 2886 827 2933 brandmuren.
861 2889 961 2934 vel.
980 2921 989 2932 .
1010 2921 1020 2933 .
1039 2921 1048 2932 .
1067 2893 1160 2942 aut,
1194 2889 1253 2934 cf.
1288 2891 1356 2942 14,
1388 2891 1430 2933 3.

225 2949 294 2992 11.
324 2945 484 3003 plana,
518 2947 611 2991 afh.
642 2963 758 2992 van:
790 2953 1111 3004 pervagatum.

226 3009 293 3051 12.
326 3017 580 3062 assurgens
597 3038 608 3049 .
627 3038 636 3049 .
655 3040 664 3050 .
681 3005 969 3062 populando,
1002 3006 1063 3051 cf.
1102 3009 1170 3059 13,
1205 3009 1287 3051 47:
1320 3006 1511 3051 trahens
1531 3039 1540 3050 .
1560 3039 1569 3050 .
1591 3039 1600 3050 .
1620 3039 1630 3050 .
1647 3005 2019 3063 interpretando.

226 3067 294 3111 13.
327 3063 545 3117 obnoxia,
586 3064 662 3109 h.l.
695 3064 842 3110 absol.
883 3089 921 3102 =
957 3069 1276 3122 prijsgegeven
1309 3066 1414 3118 (aan
1445 3065 1526 3109 het
1557 3065 1743 3121 gevaar}
1777 3066 1837 3110 cf.
1869 3064 2054 3110 Seneca
2084 3064 2170 3122 Ep.
2206 3067 2278 3117 65.

162 3126 245 3168 21:
292 3126 341 3169 in
379 3122 471 3168 hoc
505 3123 712 3169 obnoxio
745 3123 982 3170 domicilio
1015 3127 1194 3170 animus
1226 3125 1344 3169 liber
1374 3123 1569 3176 habitat,
1603 3141 1661 3169 en
1693 3123 1806 3169 Plin.
1838 3124 1894 3169 H.
1926 3123 1980 3168 N.
2011 3126 2083 3177 31,
2114 3127 2156 3168 6.
2190 3126 2278 3169 60:

162 3198 262 3228 non
291 3181 403 3228 alibi
433 3183 713 3240 corporibus
744 3186 887 3239 magis
919 3183 1150 3228 obnoxiis.

225 3258 293 3301 14
326 3255 394 3301 ad
420 3254 524 3310 hoc,
564 3271 603 3286 =
672 3255 731 3301 cf
763 3255 844 3301 het
876 3255 956 3301 Gr.
998 3248 1128 3317 πρὸς
1167 3247 1371 3307 τουτοις

223 3318 292 3360 15.
325 3315 537 3370 fessa[=
559 3314 936 3369 krachteloos)..
955 3322 1131 3370 ,aetas
1173 3316 1231 3361 cf.
1264 3315 1388 3360 Ann.
1423 3317 1491 3367 14,
1523 3317 1608 3360 33:
1640 3317 1678 3359 si
1709 3331 1828 3372 quos
1845 3313 2029 3359 1nbelhs
2044 3331 2181 3360 sexus
2201 3321 2281 3360 aut

159 3373 288 3419 fessa
319 3380 542 3420 aetas..
574 3376 827 3419 attinuerat

223 3435 292 3478 16.
325 3433 434 3478 dum
452 3468 462 3478 .
482 3467 491 3477 .
511 3466 521 3477 .
543 3465 552 3477 .
585 3435 903 3488 opperiuntur,
937 3432 1005 3478 dit
1036 3433 1179 3479 hoort
1212 3432 1363 3477 alleen
1394 3432 1481 3487 bij·
1472 3466 1482 3477 .
1516 3434 1595 3489 qui
1627 3432 1727 3477 aliis
1758 3431 2084 3478 consulebant.

225 3494 292 3537 17.
325 3508 457 3537 mora
479 3525 488 3536 .
507 3525 517 3536 .
538 3525 548 3535 .
567 3491 810 3542 festinans,
843 3492 902 3536 ef.
936 3508 976 3536 c.
1009 3494 1067 3537 36
1087 3509 1096 3537 :
1130 3491 1349 3547 cupidine
1369 3523 1379 3535 .
1399 3526 1408 3536 .
1428 3524 1438 3535 .
1459 3494 1698 3536 metuenti.

223 3552 293 3595 18.
326 3549 556 3596 lateribus
587 3555 668 3595 aut
699 3551 865 3601 fronte,
899 3550 958 3600 cf,
993 3568 1032 3595 c.
1064 3553 1150 3596 37:
1185 3550 1516 3607 crepidinibus.

167 3610 170 3613 ’
220 3612 292 3654 20.
324 3625 449 3665 qaae
480 3609 733 3666 longinqua
766 3609 1075 3655 crediderant.
1107 3615 1220 3655 toen
1251 3614 1302 3665 zij
1335 3610 1396 3654 nl.
1429 3614 1553 3654 eerst
1582 3607 1839 3654 vluchtten.

2312 1339 2352 1375 10

2311 1826 2353 1859 15

2306 2312 2351 2344 20
