<?xml version="1.0" encoding="UTF-8"?>
<!DOCTYPE html PUBLIC "-//W3C//DTD XHTML 1.0 Transitional//EN"
    "http://www.w3.org/TR/xhtml1/DTD/xhtml1-transitional.dtd">
<html xmlns="http://www.w3.org/1999/xhtml" xml:lang="en" lang="en">
 <head>
  <title>
</title>
<meta http-equiv="Content-Type" content="text/html;charset=utf-8" />
  <meta name='ocr-system' content='tesseract 3.04.00' />
  <meta name='ocr-capabilities' content='ocr_page ocr_carea ocr_par ocr_line ocrx_word'/>
</head>
<body>
  <div class='ocr_page' id='page_1' title='image "abexcessudiviaug00taciuoft_0051.png"; bbox 0 0 2574 3912; ppageno 0'>
   <div class='ocr_carea' id='block_1_1' title="bbox 541 220 2202 281">
    <p class='ocr_par' dir='ltr' id='par_1_1' title="bbox 541 220 2202 281">
     <span class='ocr_line' id='line_1_1' title="bbox 541 220 2202 281; baseline -0.002 0"><span class='ocrx_word' id='word_1_1' title='bbox 541 224 645 281; x_wconf 90' lang='lat' dir='ltr'>AB</span> <span class='ocrx_word' id='word_1_2' title='bbox 683 221 1021 280; x_wconf 90' lang='lat' dir='ltr'>EXCESSU</span> <span class='ocrx_word' id='word_1_3' title='bbox 1058 222 1208 279; x_wconf 91' lang='lat' dir='ltr'><strong>DIVI</strong></span> <span class='ocrx_word' id='word_1_4' title='bbox 1245 220 1577 279; x_wconf 87' lang='lat' dir='ltr'>AUGUSTI</span> <span class='ocrx_word' id='word_1_5' title='bbox 1614 221 1730 278; x_wconf 89' lang='lat' dir='ltr'>XV.</span> <span class='ocrx_word' id='word_1_6' title='bbox 2132 226 2202 278; x_wconf 91' lang='lat'>47</span> 
     </span>
    </p>
   </div>
   <div class='ocr_carea' id='block_1_2' title="bbox 2315 388 2337 407">
    <p class='ocr_par' dir='ltr' id='par_1_2' title="bbox 2315 388 2337 407">
     <span class='ocr_line' id='line_1_2' title="bbox 2315 388 2337 407; baseline 0 0"><span class='ocrx_word' id='word_1_7' title='bbox 2315 388 2337 407; x_wconf 43' lang='lat' dir='ltr'>l&#39;aeV</span> 
     </span>
    </p>
   </div>
   <div class='ocr_carea' id='block_1_3' title="bbox 84 382 2312 555">
    <p class='ocr_par' dir='ltr' id='par_1_3' title="bbox 84 382 2312 555">
     <span class='ocr_line' id='line_1_3' title="bbox 84 382 2312 463; baseline -0.004 -16"><span class='ocrx_word' id='word_1_8' title='bbox 84 394 208 463; x_wconf 84' lang='lat' dir='ltr'>ipsa</span> <span class='ocrx_word' id='word_1_9' title='bbox 244 392 303 446; x_wconf 87' lang='lat' dir='ltr'>in</span> <span class='ocrx_word' id='word_1_10' title='bbox 339 385 603 444; x_wconf 87' lang='lat' dir='ltr'>custodia</span> <span class='ocrx_word' id='word_1_11' title='bbox 639 391 866 442; x_wconf 89' lang='lat' dir='ltr'>retenta</span> <span class='ocrx_word' id='word_1_12' title='bbox 906 390 1011 450; x_wconf 90' lang='lat' dir='ltr'>est,</span> <span class='ocrx_word' id='word_1_13' title='bbox 1053 389 1422 454; x_wconf 88' lang='lat' dir='ltr'>suspectante</span> <span class='ocrx_word' id='word_1_14' title='bbox 1462 382 1692 439; x_wconf 83' lang='lat' dir='ltr'>Nerone</span> <span class='ocrx_word' id='word_1_15' title='bbox 1731 382 1886 440; x_wconf 90' lang='lat' dir='ltr'>haud</span> <span class='ocrx_word' id='word_1_16' title='bbox 1906 382 2052 440; x_wconf 74' lang='lat' dir='ltr'>falsa</span> <span class='ocrx_word' id='word_1_17' title='bbox 2078 403 2206 440; x_wconf 93' lang='lat' dir='ltr'>esse</span> <span class='ocrx_word' id='word_1_18' title='bbox 2251 414 2300 449; x_wconf 29' lang='lat'>““““</span> <span class='ocrx_word' id='word_1_19' title='bbox 2301 405 2312 414; x_wconf 71' lang='lat'><strong><em>‘</em></strong></span> 
     </span>
     <span class='ocr_line' id='line_1_4' title="bbox 85 446 2250 555; baseline -0.008 -11"><span class='ocrx_word' id='word_1_20' title='bbox 85 489 258 543; x_wconf 88' lang='lat' dir='ltr'>etiam</span> <span class='ocrx_word' id='word_1_21' title='bbox 296 504 445 555; x_wconf 88' lang='lat' dir='ltr'>quae</span> <span class='ocrx_word' id='word_1_22' title='bbox 485 503 624 540; x_wconf 86' lang='lat' dir='ltr'>vera</span> <span class='ocrx_word' id='word_1_23' title='bbox 658 501 776 538; x_wconf 90' lang='lat' dir='ltr'>non</span> <span class='ocrx_word' id='word_1_24' title='bbox 812 479 1224 551; x_wconf 81' lang='lat' dir='ltr'>probabantur.</span> <span class='ocrx_word' id='word_1_25' title='bbox 2114 446 2250 539; x_wconf 59' lang='lat' dir='ltr'><em>s</em></span> 
     </span>
    </p>
   </div>
   <div class='ocr_carea' id='block_1_4' title="bbox 35 616 2211 695">
    <p class='ocr_par' dir='ltr' id='par_1_4' title="bbox 35 616 2211 695">
     <span class='ocr_line' id='line_1_5' title="bbox 35 616 2211 695; baseline -0.005 -12"><span class='ocrx_word' id='word_1_26' title='bbox 35 671 40 675; x_wconf 78' lang='lat'>.</span> <span class='ocrx_word' id='word_1_27' title='bbox 83 623 208 683; x_wconf 86' lang='lat' dir='ltr'>LII.</span> <span class='ocrx_word' id='word_1_28' title='bbox 237 622 364 681; x_wconf 82' lang='lat' dir='ltr'>Het</span> <span class='ocrx_word' id='word_1_29' title='bbox 394 620 562 695; x_wconf 82' lang='lat' dir='ltr'>plan,</span> <span class='ocrx_word' id='word_1_30' title='bbox 589 619 758 677; x_wconf 92' lang='lat' dir='ltr'>Nero</span> <span class='ocrx_word' id='word_1_31' title='bbox 782 623 846 676; x_wconf 89' lang='lat' dir='ltr'>te</span> <span class='ocrx_word' id='word_1_32' title='bbox 872 617 1315 685; x_wconf 81' lang='lat' dir='ltr'>vermoorden,</span> <span class='ocrx_word' id='word_1_33' title='bbox 1346 616 1552 675; x_wconf 88' lang='lat' dir='ltr'>wordt</span> <span class='ocrx_word' id='word_1_34' title='bbox 1579 616 1783 675; x_wconf 88' lang='lat' dir='ltr'>nader</span> <span class='ocrx_word' id='word_1_35' title='bbox 1814 616 2211 689; x_wconf 73' lang='lat' dir='ltr'>uitgewerkt.</span> 
     </span>
    </p>
   </div>
   <div class='ocr_carea' id='block_1_5' title="bbox 85 735 2280 2244">
    <p class='ocr_par' dir='ltr' id='par_1_5' title="bbox 85 735 2280 2244">
     <span class='ocr_line' id='line_1_6' title="bbox 127 735 2211 808; baseline -0.004 -9"><span class='ocrx_word' id='word_1_36' title='bbox 127 762 130 765; x_wconf 84' lang='grc'>’</span> <span class='ocrx_word' id='word_1_37' title='bbox 155 741 262 799; x_wconf 89' lang='lat' dir='ltr'>LII.</span> <span class='ocrx_word' id='word_1_38' title='bbox 304 740 629 798; x_wconf 76' lang='lat' dir='ltr'><strong>Coniuratis</strong></span> <span class='ocrx_word' id='word_1_39' title='bbox 667 744 862 795; x_wconf 88' lang='lat' dir='ltr'>tamen</span> <span class='ocrx_word' id='word_1_40' title='bbox 899 743 1056 793; x_wconf 90' lang='lat' dir='ltr'>metu</span> <span class='ocrx_word' id='word_1_41' title='bbox 1083 736 1422 808; x_wconf 80' lang='lat' dir='ltr'>proditionis</span> <span class='ocrx_word' id='word_1_42' title='bbox 1443 739 1717 806; x_wconf 90' lang='lat' dir='ltr'>permotis</span> <span class='ocrx_word' id='word_1_43' title='bbox 1738 735 2008 806; x_wconf 90' lang='lat' dir='ltr'>placitum</span> <span class='ocrx_word' id='word_1_44' title='bbox 2027 741 2211 792; x_wconf 89' lang='lat' dir='ltr'>matu-</span> 
     </span>
     <span class='ocr_line' id='line_1_7' title="bbox 85 831 2212 904; baseline -0.005 -8"><span class='ocrx_word' id='word_1_45' title='bbox 85 859 218 896; x_wconf 91' lang='lat' dir='ltr'>rare</span> <span class='ocrx_word' id='word_1_46' title='bbox 256 836 496 893; x_wconf 90' lang='lat' dir='ltr'>caedem</span> <span class='ocrx_word' id='word_1_47' title='bbox 535 834 689 904; x_wconf 91' lang='lat' dir='ltr'>apud</span> <span class='ocrx_word' id='word_1_48' title='bbox 728 832 900 889; x_wconf 90' lang='lat' dir='ltr'>Baias</span> <span class='ocrx_word' id='word_1_49' title='bbox 938 835 998 887; x_wconf 92' lang='lat' dir='ltr'>in</span> <span class='ocrx_word' id='word_1_50' title='bbox 1035 831 1166 888; x_wconf 89' lang='lat' dir='ltr'>villa</span> <span class='ocrx_word' id='word_1_51' title='bbox 1196 831 1437 898; x_wconf 86' lang='lat' dir='ltr'>PisoniS‚</span> <span class='ocrx_word' id='word_1_52' title='bbox 1462 834 1619 887; x_wconf 90' lang='lat' dir='ltr'>cuius</span> <span class='ocrx_word' id='word_1_53' title='bbox 1642 834 1991 887; x_wconf 88' lang='lat' dir='ltr'>amoenitate</span> <span class='ocrx_word' id='word_1_54' title='bbox 2012 837 2212 901; x_wconf 91' lang='lat' dir='ltr'>captus</span> 
     </span>
     <span class='ocr_line' id='line_1_8' title="bbox 90 911 2256 998; baseline -0.004 -8"><span class='ocrx_word' id='word_1_55' title='bbox 90 932 310 990; x_wconf 89' lang='lat' dir='ltr'>Caesar</span> <span class='ocrx_word' id='word_1_56' title='bbox 365 911 948 987; x_wconf 61' lang='lat' dir='ltr'>crebrowventitabat</span> <span class='ocrx_word' id='word_1_57' title='bbox 1002 927 1360 997; x_wconf 83' lang='lat' dir='ltr'>balneasque</span> <span class='ocrx_word' id='word_1_58' title='bbox 1422 934 1481 983; x_wconf 93' lang='lat' dir='ltr'>et</span> <span class='ocrx_word' id='word_1_59' title='bbox 1536 926 1734 998; x_wconf 84' lang='lat' dir='ltr'>epulas</span> <span class='ocrx_word' id='word_1_60' title='bbox 1773 926 1954 982; x_wconf 78' lang='lat' dir='ltr'>inibat</span> <span class='ocrx_word' id='word_1_61' title='bbox 1991 929 2211 982; x_wconf 90' lang='lat' dir='ltr'>omissis</span> <span class='ocrx_word' id='word_1_62' title='bbox 2235 942 2256 974; x_wconf 83' lang='grc'><strong>5</strong></span> 
     </span>
     <span class='ocr_line' id='line_1_9' title="bbox 90 1021 2211 1092; baseline -0.004 -6"><span class='ocrx_word' id='word_1_63' title='bbox 90 1027 346 1086; x_wconf 86' lang='lat' dir='ltr'>excubiis</span> <span class='ocrx_word' id='word_1_64' title='bbox 385 1034 444 1083; x_wconf 91' lang='lat' dir='ltr'>et</span> <span class='ocrx_word' id='word_1_65' title='bbox 482 1025 748 1082; x_wconf 78' lang='lat' dir='ltr'>fortunae</span> <span class='ocrx_word' id='word_1_66' title='bbox 788 1044 928 1079; x_wconf 89' lang='lat' dir='ltr'>suae</span> <span class='ocrx_word' id='word_1_67' title='bbox 969 1023 1138 1079; x_wconf 91' lang='lat' dir='ltr'>mole.</span> <span class='ocrx_word' id='word_1_68' title='bbox 1180 1022 1286 1079; x_wconf 91' lang='lat' dir='ltr'>sed</span> <span class='ocrx_word' id='word_1_69' title='bbox 1326 1022 1524 1079; x_wconf 88' lang='lat' dir='ltr'>abnuit</span> <span class='ocrx_word' id='word_1_70' title='bbox 1561 1022 1708 1088; x_wconf 83' lang='lat' dir='ltr'>Piso,</span> <span class='ocrx_word' id='word_1_71' title='bbox 1748 1021 2021 1078; x_wconf 85' lang='lat' dir='ltr'>invidiam</span> <span class='ocrx_word' id='word_1_72' title='bbox 2043 1042 2211 1092; x_wconf 91' lang='lat' dir='ltr'>prae·</span> 
     </span>
     <span class='ocr_line' id='line_1_10' title="bbox 87 1117 2211 1189; baseline -0.004 -8"><span class='ocrx_word' id='word_1_73' title='bbox 87 1124 352 1188; x_wconf 80' lang='lat' dir='ltr'>tendenS,</span> <span class='ocrx_word' id='word_1_74' title='bbox 410 1124 458 1177; x_wconf 90' lang='lat' dir='ltr'>si</span> <span class='ocrx_word' id='word_1_75' title='bbox 493 1141 659 1176; x_wconf 90' lang='lat' dir='ltr'>sacra</span> <span class='ocrx_word' id='word_1_76' title='bbox 697 1140 932 1175; x_wconf 88' lang='lat' dir='ltr'>mensae</span> <span class='ocrx_word' id='word_1_77' title='bbox 973 1119 1165 1189; x_wconf 92' lang='lat' dir='ltr'>diique</span> <span class='ocrx_word' id='word_1_78' title='bbox 1204 1118 1520 1189; x_wconf 89' lang='lat' dir='ltr'>hospitales</span> <span class='ocrx_word' id='word_1_79' title='bbox 1560 1117 1743 1174; x_wconf 91' lang='lat' dir='ltr'>caede</span> <span class='ocrx_word' id='word_1_80' title='bbox 1785 1117 2211 1188; x_wconf 90' lang='lat' dir='ltr'>qualiscumque</span> 
     </span>
     <span class='ocr_line' id='line_1_11' title="bbox 87 1213 2213 1291; baseline -0.004 -15"><span class='ocrx_word' id='word_1_81' title='bbox 87 1220 355 1291; x_wconf 87' lang='lat' dir='ltr'>principis</span> <span class='ocrx_word' id='word_1_82' title='bbox 412 1222 879 1274; x_wconf 79' lang='lat' dir='ltr'>cruentarentur:</span> <span class='ocrx_word' id='word_1_83' title='bbox 940 1214 1141 1270; x_wconf 91' lang='lat' dir='ltr'>melius</span> <span class='ocrx_word' id='word_1_84' title='bbox 1200 1214 1354 1284; x_wconf 92' lang='lat' dir='ltr'>apud</span> <span class='ocrx_word' id='word_1_85' title='bbox 1412 1213 1615 1270; x_wconf 88' lang='lat' dir='ltr'>urbem</span> <span class='ocrx_word' id='word_1_86' title='bbox 1671 1217 1730 1269; x_wconf 92' lang='lat' dir='ltr'>in</span> <span class='ocrx_word' id='word_1_87' title='bbox 1783 1213 1881 1268; x_wconf 90' lang='lat' dir='ltr'>illa</span> <span class='ocrx_word' id='word_1_88' title='bbox 1932 1215 2118 1269; x_wconf 90' lang='lat' dir='ltr'>invisa</span> <span class='ocrx_word' id='word_1_89' title='bbox 2156 1219 2213 1269; x_wconf 88' lang='lat' dir='ltr'>et</span> 
     </span>
     <span class='ocr_line' id='line_1_12' title="bbox 88 1308 2212 1386; baseline -0.004 -15"><span class='ocrx_word' id='word_1_90' title='bbox 88 1314 282 1386; x_wconf 86' lang='lat' dir='ltr'>spoliis</span> <span class='ocrx_word' id='word_1_91' title='bbox 322 1316 529 1369; x_wconf 89' lang='lat' dir='ltr'>civium</span> <span class='ocrx_word' id='word_1_92' title='bbox 567 1317 830 1368; x_wconf 87' lang='lat' dir='ltr'>extructa</span> <span class='ocrx_word' id='word_1_93' title='bbox 870 1309 1042 1366; x_wconf 92' lang='lat' dir='ltr'>domo</span> <span class='ocrx_word' id='word_1_94' title='bbox 1081 1309 1175 1366; x_wconf 86' lang='lat' dir='ltr'>vel</span> <span class='ocrx_word' id='word_1_95' title='bbox 1211 1314 1269 1365; x_wconf 92' lang='lat' dir='ltr'>in</span> <span class='ocrx_word' id='word_1_96' title='bbox 1306 1309 1536 1380; x_wconf 90' lang='lat' dir='ltr'>publico</span> <span class='ocrx_word' id='word_1_97' title='bbox 1556 1316 1901 1380; x_wconf 86' lang='lat' dir='ltr'>patraturos,</span> <span class='ocrx_word' id='word_1_98' title='bbox 1930 1308 2087 1378; x_wconf 91' lang='lat' dir='ltr'>quod</span> <span class='ocrx_word' id='word_1_99' title='bbox 2105 1328 2212 1379; x_wconf 95' lang='lat' dir='ltr'>pro</span> 
     </span>
     <span class='ocr_line' id='line_1_13' title="bbox 89 1404 2279 1481; baseline -0.003 -14"><span class='ocrx_word' id='word_1_100' title='bbox 89 1431 151 1466; x_wconf 92' lang='lat' dir='ltr'>re</span> <span class='ocrx_word' id='word_1_101' title='bbox 187 1408 417 1481; x_wconf 89' lang='lat' dir='ltr'>publica</span> <span class='ocrx_word' id='word_1_102' title='bbox 455 1410 857 1478; x_wconf 85' lang='lat' dir='ltr'>suscepissent.</span> <span class='ocrx_word' id='word_1_103' title='bbox 879 1406 1024 1461; x_wconf 92' lang='lat' dir='ltr'>haec</span> <span class='ocrx_word' id='word_1_104' title='bbox 1043 1415 1101 1461; x_wconf 90' lang='lat' dir='ltr'>in</span> <span class='ocrx_word' id='word_1_105' title='bbox 1125 1426 1443 1473; x_wconf 90' lang='lat' dir='ltr'>commune,</span> <span class='ocrx_word' id='word_1_106' title='bbox 1466 1412 1722 1462; x_wconf 88' lang='lat' dir='ltr'>ceterum</span> <span class='ocrx_word' id='word_1_107' title='bbox 1741 1409 1945 1461; x_wconf 86' lang='lat' dir='ltr'>timore</span> <span class='ocrx_word' id='word_1_108' title='bbox 1968 1404 2209 1470; x_wconf 79' lang='lat' dir='ltr'>occulte,</span> <span class='ocrx_word' id='word_1_109' title='bbox 2240 1427 2279 1460; x_wconf 85' lang='lat'>10</span> 
     </span>
     <span class='ocr_line' id='line_1_14' title="bbox 87 1490 2215 1571; baseline -0.003 -9"><span class='ocrx_word' id='word_1_110' title='bbox 87 1526 163 1562; x_wconf 87' lang='lat' dir='ltr'>ne</span> <span class='ocrx_word' id='word_1_111' title='bbox 198 1504 258 1561; x_wconf 93' lang='lat' dir='ltr'>L.</span> <span class='ocrx_word' id='word_1_112' title='bbox 300 1504 527 1562; x_wconf 68' lang='lat' dir='ltr'>Silanus</span> <span class='ocrx_word' id='word_1_113' title='bbox 567 1506 775 1559; x_wconf 87' lang='lat' dir='ltr'>eximia</span> <span class='ocrx_word' id='word_1_114' title='bbox 803 1490 1102 1558; x_wconf 79' lang='lat' dir='ltr'>no‘bilitate</span> <span class='ocrx_word' id='word_1_115' title='bbox 1125 1500 1534 1571; x_wconf 89' lang='lat' dir='ltr'>disciplinaque</span> <span class='ocrx_word' id='word_1_116' title='bbox 1558 1499 1621 1557; x_wconf 93' lang='lat' dir='ltr'>C.</span> <span class='ocrx_word' id='word_1_117' title='bbox 1647 1499 1848 1566; x_wconf 89' lang='lat' dir='ltr'>Cassii,</span> <span class='ocrx_word' id='word_1_118' title='bbox 1872 1499 2025 1570; x_wconf 92' lang='lat' dir='ltr'>apud</span> <span class='ocrx_word' id='word_1_119' title='bbox 2043 1519 2215 1570; x_wconf 89' lang='lat' dir='ltr'>quem</span> 
     </span>
     <span class='ocr_line' id='line_1_15' title="bbox 91 1596 2215 1667; baseline -0.003 -10"><span class='ocrx_word' id='word_1_120' title='bbox 91 1601 368 1657; x_wconf 82' lang='lat' dir='ltr'>educatus</span> <span class='ocrx_word' id='word_1_121' title='bbox 429 1605 571 1664; x_wconf 90' lang='lat' dir='ltr'>erat,</span> <span class='ocrx_word' id='word_1_122' title='bbox 613 1597 688 1654; x_wconf 94' lang='lat' dir='ltr'>ad</span> <span class='ocrx_word' id='word_1_123' title='bbox 726 1617 954 1654; x_wconf 90' lang='lat' dir='ltr'>omnem</span> <span class='ocrx_word' id='word_1_124' title='bbox 993 1596 1388 1652; x_wconf 87' lang='lat' dir='ltr'>claritudinem</span> <span class='ocrx_word' id='word_1_125' title='bbox 1424 1596 1681 1652; x_wconf 87' lang='lat' dir='ltr'>sublatus</span> <span class='ocrx_word' id='word_1_126' title='bbox 1719 1599 2017 1667; x_wconf 90' lang='lat' dir='ltr'>imperium</span> <span class='ocrx_word' id='word_1_127' title='bbox 2053 1597 2215 1651; x_wconf 88' lang='lat' dir='ltr'>inva-</span> 
     </span>
     <span class='ocr_line' id='line_1_16' title="bbox 92 1693 2213 1766; baseline -0.003 -14"><span class='ocrx_word' id='word_1_128' title='bbox 92 1696 274 1760; x_wconf 87' lang='lat' dir='ltr'>deret,</span> <span class='ocrx_word' id='word_1_129' title='bbox 313 1701 580 1766; x_wconf 89' lang='lat' dir='ltr'>prompte</span> <span class='ocrx_word' id='word_1_130' title='bbox 621 1693 854 1759; x_wconf 87' lang='lat' dir='ltr'>daturiS,</span> <span class='ocrx_word' id='word_1_131' title='bbox 896 1695 994 1763; x_wconf 93' lang='lat' dir='ltr'>qui</span> <span class='ocrx_word' id='word_1_132' title='bbox 1033 1713 1069 1748; x_wconf 89' lang='lat' dir='ltr'>a</span> <span class='ocrx_word' id='word_1_133' title='bbox 1105 1696 1499 1749; x_wconf 89' lang='lat' dir='ltr'>coniuratione</span> <span class='ocrx_word' id='word_1_134' title='bbox 1538 1695 1742 1762; x_wconf 76' lang='lat' dir='ltr'>integri</span> <span class='ocrx_word' id='word_1_135' title='bbox 1780 1698 1975 1748; x_wconf 91' lang='lat' dir='ltr'>essent</span> <span class='ocrx_word' id='word_1_136' title='bbox 2002 1693 2213 1761; x_wconf 91' lang='lat' dir='ltr'>quique</span> 
     </span>
     <span class='ocr_line' id='line_1_17' title="bbox 91 1786 2212 1858; baseline -0.003 -10"><span class='ocrx_word' id='word_1_137' title='bbox 91 1795 502 1848; x_wconf 87' lang='lat' dir='ltr'>miserarentur</span> <span class='ocrx_word' id='word_1_138' title='bbox 539 1789 830 1847; x_wconf 89' lang='lat' dir='ltr'>Neronem</span> <span class='ocrx_word' id='word_1_139' title='bbox 865 1795 1157 1858; x_wconf 89' lang='lat' dir='ltr'>tamquam</span> <span class='ocrx_word' id='word_1_140' title='bbox 1194 1808 1299 1858; x_wconf 92' lang='lat' dir='ltr'>per</span> <span class='ocrx_word' id='word_1_141' title='bbox 1338 1787 1524 1844; x_wconf 91' lang='lat' dir='ltr'>scelus</span> <span class='ocrx_word' id='word_1_142' title='bbox 1552 1787 1931 1844; x_wconf 76' lang='lat' dir='ltr'>interfectum.</span> <span class='ocrx_word' id='word_1_143' title='bbox 1954 1786 2212 1858; x_wconf 89' lang='lat' dir='ltr'>plerique</span> 
     </span>
     <span class='ocr_line' id='line_1_18' title="bbox 91 1881 2280 1956; baseline -0.003 -12"><span class='ocrx_word' id='word_1_144' title='bbox 91 1887 313 1944; x_wconf 88' lang='lat' dir='ltr'>Vestini</span> <span class='ocrx_word' id='word_1_145' title='bbox 351 1906 583 1956; x_wconf 91' lang='lat' dir='ltr'>quoque</span> <span class='ocrx_word' id='word_1_146' title='bbox 625 1883 873 1941; x_wconf 91' lang='lat' dir='ltr'>consulis</span> <span class='ocrx_word' id='word_1_147' title='bbox 914 1904 1046 1940; x_wconf 91' lang='lat' dir='ltr'>acre</span> <span class='ocrx_word' id='word_1_148' title='bbox 1085 1887 1375 1955; x_wconf 69' lang='lat' dir='ltr'>ingenium</span> <span class='ocrx_word' id='word_1_149' title='bbox 1413 1886 1686 1940; x_wconf 89' lang='lat' dir='ltr'>vitavisse</span> <span class='ocrx_word' id='word_1_150' title='bbox 1724 1883 1992 1940; x_wconf 91' lang='lat' dir='ltr'>Pisonem</span> <span class='ocrx_word' id='word_1_151' title='bbox 2030 1881 2280 1946; x_wconf 80' lang='lat' dir='ltr'>credi-15</span> 
     </span>
     <span class='ocr_line' id='line_1_19' title="bbox 94 1978 2212 2050; baseline -0.002 -11"><span class='ocrx_word' id='word_1_152' title='bbox 94 1984 318 2047; x_wconf 90' lang='lat' dir='ltr'>derunt,</span> <span class='ocrx_word' id='word_1_153' title='bbox 376 2002 450 2037; x_wconf 91' lang='lat' dir='ltr'>ne</span> <span class='ocrx_word' id='word_1_154' title='bbox 509 1980 585 2037; x_wconf 92' lang='lat' dir='ltr'>ad</span> <span class='ocrx_word' id='word_1_155' title='bbox 635 1980 957 2036; x_wconf 90' lang='lat' dir='ltr'>libertatem</span> <span class='ocrx_word' id='word_1_156' title='bbox 996 1986 1277 2045; x_wconf 90' lang='lat' dir='ltr'>oreretur,</span> <span class='ocrx_word' id='word_1_157' title='bbox 1317 1979 1412 2036; x_wconf 88' lang='lat' dir='ltr'>vel</span> <span class='ocrx_word' id='word_1_158' title='bbox 1452 1979 1677 2036; x_wconf 91' lang='lat' dir='ltr'>delecto</span> <span class='ocrx_word' id='word_1_159' title='bbox 1716 1983 2059 2050; x_wconf 88' lang='lat' dir='ltr'>imperatore</span> <span class='ocrx_word' id='word_1_160' title='bbox 2099 1978 2212 2035; x_wconf 87' lang='lat' dir='ltr'>alio</span> 
     </span>
     <span class='ocr_line' id='line_1_20' title="bbox 93 2075 2213 2147; baseline -0.002 -13"><span class='ocrx_word' id='word_1_161' title='bbox 93 2082 182 2134; x_wconf 91' lang='lat' dir='ltr'>sui</span> <span class='ocrx_word' id='word_1_162' title='bbox 233 2079 483 2134; x_wconf 89' lang='lat' dir='ltr'>muneris</span> <span class='ocrx_word' id='word_1_163' title='bbox 536 2096 657 2132; x_wconf 91' lang='lat' dir='ltr'>rem</span> <span class='ocrx_word' id='word_1_164' title='bbox 708 2075 994 2147; x_wconf 90' lang='lat' dir='ltr'>publicam</span> <span class='ocrx_word' id='word_1_165' title='bbox 1030 2075 1266 2132; x_wconf 77' lang='lat' dir='ltr'>faceret.</span> <span class='ocrx_word' id='word_1_166' title='bbox 1307 2078 1518 2131; x_wconf 90' lang='lat' dir='ltr'>etenim</span> <span class='ocrx_word' id='word_1_167' title='bbox 1556 2095 1764 2146; x_wconf 84' lang='lat' dir='ltr'>expers</span> <span class='ocrx_word' id='word_1_168' title='bbox 1804 2077 2213 2131; x_wconf 89' lang='lat' dir='ltr'>coniurationis</span> 
     </span>
     <span class='ocr_line' id='line_1_21' title="bbox 94 2170 2213 2244; baseline -0.002 -14"><span class='ocrx_word' id='word_1_169' title='bbox 94 2179 234 2240; x_wconf 88' lang='lat' dir='ltr'>erat,</span> <span class='ocrx_word' id='word_1_170' title='bbox 276 2175 536 2244; x_wconf 89' lang='lat' dir='ltr'>quamvis</span> <span class='ocrx_word' id='word_1_171' title='bbox 576 2192 748 2242; x_wconf 91' lang='lat' dir='ltr'>super</span> <span class='ocrx_word' id='word_1_172' title='bbox 789 2192 862 2227; x_wconf 90' lang='lat' dir='ltr'>eo</span> <span class='ocrx_word' id='word_1_173' title='bbox 903 2174 1137 2228; x_wconf 90' lang='lat' dir='ltr'>crimine</span> <span class='ocrx_word' id='word_1_174' title='bbox 1176 2170 1331 2227; x_wconf 92' lang='lat' dir='ltr'>Nero</span> <span class='ocrx_word' id='word_1_175' title='bbox 1371 2178 1538 2227; x_wconf 87' lang='lat' dir='ltr'>vetus</span> <span class='ocrx_word' id='word_1_176' title='bbox 1579 2170 1887 2227; x_wconf 89' lang='lat' dir='ltr'>adversum</span> <span class='ocrx_word' id='word_1_177' title='bbox 1923 2173 2213 2226; x_wconf 87' lang='lat' dir='ltr'>insontem</span> 
     </span>
    </p>
   </div>
   <div class='ocr_carea' id='block_1_6' title="bbox 93 2266 2231 2391">
    <p class='ocr_par' dir='ltr' id='par_1_6' title="bbox 93 2266 2231 2391">
     <span class='ocr_line' id='line_1_22' title="bbox 93 2266 660 2338; baseline -0.004 -12"><span class='ocrx_word' id='word_1_178' title='bbox 93 2268 288 2326; x_wconf 90' lang='lat' dir='ltr'>odium</span> <span class='ocrx_word' id='word_1_179' title='bbox 326 2266 660 2338; x_wconf 87' lang='lat' dir='ltr'>expleverit.</span> 
     </span>
     <span class='ocr_line' id='line_1_23' title="bbox 2175 2345 2231 2391; baseline 0 0"><span class='ocrx_word' id='word_1_180' title='bbox 2175 2345 2231 2391; x_wconf 40' lang='lat' dir='ltr'>,sl</span> 
     </span>
    </p>
   </div>
   <div class='ocr_carea' id='block_1_7' title="bbox 894 2397 1410 2470">
    <p class='ocr_par' dir='ltr' id='par_1_7' title="bbox 894 2397 1410 2470">
     <span class='ocr_line' id='line_1_24' title="bbox 894 2397 1410 2470; baseline 0 -15"><span class='ocrx_word' id='word_1_181' title='bbox 894 2397 1046 2455; x_wconf 85' lang='lat' dir='ltr'><strong>LIII.</strong></span> <span class='ocrx_word' id='word_1_182' title='bbox 1119 2398 1410 2470; x_wconf 77' lang='lat' dir='ltr'>Vervolg.</span> 
     </span>
    </p>
   </div>
   <div class='ocr_carea' id='block_1_8' title="bbox 164 2551 2279 2622">
    <p class='ocr_par' dir='ltr' id='par_1_8' title="bbox 164 2551 2279 2622">
     <span class='ocr_line' id='line_1_25' title="bbox 164 2551 2279 2622; baseline -0 -13"><span class='ocrx_word' id='word_1_183' title='bbox 164 2553 291 2610; x_wconf 86' lang='lat' dir='ltr'><strong>LIII.</strong></span> <span class='ocrx_word' id='word_1_184' title='bbox 342 2553 600 2611; x_wconf 91' lang='lat' dir='ltr'>Tandem</span> <span class='ocrx_word' id='word_1_185' title='bbox 653 2551 908 2609; x_wconf 85' lang='lat' dir='ltr'>statuere</span> <span class='ocrx_word' id='word_1_186' title='bbox 966 2556 1305 2610; x_wconf 89' lang='lat' dir='ltr'>circensium</span> <span class='ocrx_word' id='word_1_187' title='bbox 1356 2553 1621 2610; x_wconf 91' lang='lat' dir='ltr'>ludorum</span> <span class='ocrx_word' id='word_1_188' title='bbox 1678 2552 1789 2619; x_wconf 91' lang='lat' dir='ltr'>die,</span> <span class='ocrx_word' id='word_1_189' title='bbox 1845 2556 1943 2622; x_wconf 92' lang='lat' dir='ltr'>qui</span> <span class='ocrx_word' id='word_1_190' title='bbox 2015 2552 2213 2609; x_wconf 90' lang='lat' dir='ltr'>Cereri</span> <span class='ocrx_word' id='word_1_191' title='bbox 2236 2575 2279 2608; x_wconf 85' lang='lat'>20</span> 
     </span>
    </p>
   </div>
   <div class='ocr_carea' id='block_1_9' title="bbox 95 2727 2214 3728">
    <p class='ocr_par' dir='ltr' id='par_1_9' title="bbox 153 2727 822 2782">
     <span class='ocr_line' id='line_1_26' title="bbox 153 2727 822 2782; baseline 0 -8"><span class='ocrx_word' id='word_1_192' title='bbox 153 2727 244 2774; x_wconf 93' lang='lat' dir='ltr'><strong>LII.</strong></span> <span class='ocrx_word' id='word_1_193' title='bbox 275 2731 317 2774; x_wconf 87' lang='lat'>3.</span> <span class='ocrx_word' id='word_1_194' title='bbox 351 2727 619 2782; x_wconf 74' lang='lat' dir='ltr'>ventilabat,</span> <span class='ocrx_word' id='word_1_195' title='bbox 651 2745 715 2774; x_wconf 89' lang='lat' dir='ltr'>sc.</span> <span class='ocrx_word' id='word_1_196' title='bbox 748 2745 822 2774; x_wconf 90' lang='lat' dir='ltr'>eo.</span> 
     </span>
    </p>

    <p class='ocr_par' dir='ltr' id='par_1_10' title="bbox 182 2787 1215 2844">
     <span class='ocr_line' id='line_1_27' title="bbox 182 2787 1215 2844; baseline 0.002 -13"><span class='ocrx_word' id='word_1_197' title='bbox 182 2790 225 2832; x_wconf 86' lang='lat'>6.</span> <span class='ocrx_word' id='word_1_198' title='bbox 257 2787 390 2841; x_wconf 80' lang='lat' dir='ltr'>mole,</span> <span class='ocrx_word' id='word_1_199' title='bbox 421 2787 628 2833; x_wconf 89' lang='lat' dir='ltr'>bedoeld</span> <span class='ocrx_word' id='word_1_200' title='bbox 658 2790 697 2833; x_wconf 90' lang='lat' dir='ltr'>is</span> <span class='ocrx_word' id='word_1_201' title='bbox 728 2788 810 2833; x_wconf 86' lang='lat' dir='ltr'>het</span> <span class='ocrx_word' id='word_1_202' title='bbox 840 2787 1004 2844; x_wconf 73' lang='lat' dir='ltr'>lastige</span> <span class='ocrx_word' id='word_1_203' title='bbox 1035 2787 1215 2844; x_wconf 74' lang='lat' dir='ltr'>gevolg.</span> 
     </span>
    </p>

    <p class='ocr_par' dir='ltr' id='par_1_11' title="bbox 183 2846 1909 2904">
     <span class='ocr_line' id='line_1_28' title="bbox 183 2846 1909 2904; baseline 0.001 -13"><span class='ocrx_word' id='word_1_204' title='bbox 183 2849 226 2891; x_wconf 86' lang='grc' dir='ltr'>Ί.</span> <span class='ocrx_word' id='word_1_205' title='bbox 257 2861 415 2898; x_wconf 83' lang='lat' dir='ltr'>sacra,</span> <span class='ocrx_word' id='word_1_206' title='bbox 445 2847 504 2891; x_wconf 91' lang='lat' dir='ltr'>de</span> <span class='ocrx_word' id='word_1_207' title='bbox 535 2846 799 2903; x_wconf 80' lang='lat' dir='ltr'>heiligheid,</span> <span class='ocrx_word' id='word_1_208' title='bbox 834 2847 893 2892; x_wconf 88' lang='lat' dir='ltr'>cf.</span> <span class='ocrx_word' id='word_1_209' title='bbox 929 2850 997 2900; x_wconf 88' lang='lat'>13,</span> <span class='ocrx_word' id='word_1_210' title='bbox 1034 2851 1112 2892; x_wconf 86' lang='lat'>17:</span> <span class='ocrx_word' id='word_1_211' title='bbox 1146 2849 1358 2904; x_wconf 85' lang='lat' dir='ltr'>quamvis</span> <span class='ocrx_word' id='word_1_212' title='bbox 1388 2849 1512 2892; x_wconf 88' lang='lat' dir='ltr'>inter</span> <span class='ocrx_word' id='word_1_213' title='bbox 1541 2863 1677 2893; x_wconf 89' lang='lat' dir='ltr'>sacra</span> <span class='ocrx_word' id='word_1_214' title='bbox 1706 2863 1909 2892; x_wconf 89' lang='lat' dir='ltr'>mensae.</span> 
     </span>
    </p>

    <p class='ocr_par' dir='ltr' id='par_1_12' title="bbox 182 2904 1501 2963">
     <span class='ocr_line' id='line_1_29' title="bbox 182 2904 1501 2963; baseline 0.001 -13"><span class='ocrx_word' id='word_1_215' title='bbox 182 2907 225 2950; x_wconf 89' lang='lat'>8.</span> <span class='ocrx_word' id='word_1_216' title='bbox 257 2904 437 2956; x_wconf 81' lang='lat' dir='ltr'>melius,</span> <span class='ocrx_word' id='word_1_217' title='bbox 467 2911 600 2950; x_wconf 87' lang='lat' dir='ltr'>vert:</span> <span class='ocrx_word' id='word_1_218' title='bbox 632 2906 714 2950; x_wconf 88' lang='lat' dir='ltr'>het</span> <span class='ocrx_word' id='word_1_219' title='bbox 742 2921 833 2951; x_wconf 92' lang='lat' dir='ltr'>zou</span> <span class='ocrx_word' id='word_1_220' title='bbox 865 2906 1000 2951; x_wconf 88' lang='lat' dir='ltr'>beter</span> <span class='ocrx_word' id='word_1_221' title='bbox 1030 2910 1132 2962; x_wconf 88' lang='lat' dir='ltr'>zijn,</span> <span class='ocrx_word' id='word_1_222' title='bbox 1167 2906 1327 2951; x_wconf 84' lang='lat' dir='ltr'>indien</span> <span class='ocrx_word' id='word_1_223' title='bbox 1357 2911 1410 2963; x_wconf 90' lang='lat' dir='ltr'>zij</span> <span class='ocrx_word' id='word_1_224' title='bbox 1433 2939 1441 2951; x_wconf 95' lang='lat'>.</span> <span class='ocrx_word' id='word_1_225' title='bbox 1462 2939 1471 2951; x_wconf 94' lang='lat'>.</span> <span class='ocrx_word' id='word_1_226' title='bbox 1491 2939 1501 2951; x_wconf 91' lang='lat'>.</span> 
     </span>
    </p>

    <p class='ocr_par' dir='ltr' id='par_1_13' title="bbox 184 2963 936 3020">
     <span class='ocr_line' id='line_1_30' title="bbox 184 2963 936 3020; baseline 0.003 -12"><span class='ocrx_word' id='word_1_227' title='bbox 184 2966 228 3008; x_wconf 82' lang='lat'>8.</span> <span class='ocrx_word' id='word_1_228' title='bbox 260 2963 390 3020; x_wconf 83' lang='lat' dir='ltr'>apud</span> <span class='ocrx_word' id='word_1_229' title='bbox 419 2963 577 3008; x_wconf 87' lang='lat' dir='ltr'>urbem</span> <span class='ocrx_word' id='word_1_230' title='bbox 615 2980 654 2994; x_wconf 88' lang='lat'><strong><em>=</em></strong></span> <span class='ocrx_word' id='word_1_231' title='bbox 692 2969 740 3009; x_wconf 85' lang='lat' dir='ltr'>te</span> <span class='ocrx_word' id='word_1_232' title='bbox 771 2964 936 3010; x_wconf 89' lang='lat' dir='ltr'>Rome.</span> 
     </span>
    </p>

    <p class='ocr_par' dir='ltr' id='par_1_14' title="bbox 95 3021 2214 3198">
     <span class='ocr_line' id='line_1_31' title="bbox 158 3021 2213 3079; baseline 0 -12"><span class='ocrx_word' id='word_1_233' title='bbox 158 3026 226 3068; x_wconf 87' lang='lat'>10.</span> <span class='ocrx_word' id='word_1_234' title='bbox 257 3026 303 3068; x_wconf 87' lang='lat' dir='ltr'>in</span> <span class='ocrx_word' id='word_1_235' title='bbox 335 3038 574 3067; x_wconf 80' lang='lat' dir='ltr'>commune</span> <span class='ocrx_word' id='word_1_236' title='bbox 612 3038 652 3052; x_wconf 89' lang='lat'>=</span> <span class='ocrx_word' id='word_1_237' title='bbox 689 3024 856 3079; x_wconf 85' lang='lat' dir='ltr'>palam.</span> <span class='ocrx_word' id='word_1_238' title='bbox 888 3029 1090 3069; x_wconf 83' lang='lat' dir='ltr'>ceterum</span> <span class='ocrx_word' id='word_1_239' title='bbox 1129 3040 1168 3054; x_wconf 87' lang='lat'>=</span> <span class='ocrx_word' id='word_1_240' title='bbox 1206 3040 1259 3068; x_wconf 91' lang='lat' dir='ltr'>re</span> <span class='ocrx_word' id='word_1_241' title='bbox 1291 3040 1417 3068; x_wconf 89' lang='lat' dir='ltr'>vera.</span> <span class='ocrx_word' id='word_1_242' title='bbox 1449 3023 1486 3068; x_wconf 92' lang='lat' dir='ltr'><em>L</em></span> <span class='ocrx_word' id='word_1_243' title='bbox 1520 3022 1723 3076; x_wconf 85' lang='lat' dir='ltr'>Silanus,</span> <span class='ocrx_word' id='word_1_244' title='bbox 1756 3023 1805 3068; x_wconf 88' lang='lat' dir='ltr'>L.</span> <span class='ocrx_word' id='word_1_245' title='bbox 1837 3023 2005 3068; x_wconf 85' lang='lat' dir='ltr'>Junius</span> <span class='ocrx_word' id='word_1_246' title='bbox 2028 3021 2213 3068; x_wconf 87' lang='lat' dir='ltr'>Silanus</span> 
     </span>
     <span class='ocr_line' id='line_1_32' title="bbox 95 3080 2214 3140; baseline 0 -14"><span class='ocrx_word' id='word_1_247' title='bbox 95 3080 362 3139; x_wconf 84' lang='lat' dir='ltr'>Torquatus</span> <span class='ocrx_word' id='word_1_248' title='bbox 393 3097 490 3126; x_wconf 90' lang='lat' dir='ltr'>was</span> <span class='ocrx_word' id='word_1_249' title='bbox 522 3098 610 3126; x_wconf 88' lang='lat' dir='ltr'>een</span> <span class='ocrx_word' id='word_1_250' title='bbox 641 3098 766 3127; x_wconf 90' lang='lat' dir='ltr'>zoon</span> <span class='ocrx_word' id='word_1_251' title='bbox 795 3099 887 3128; x_wconf 88' lang='lat' dir='ltr'>van</span> <span class='ocrx_word' id='word_1_252' title='bbox 918 3083 969 3128; x_wconf 91' lang='lat' dir='ltr'>M</span> <span class='ocrx_word' id='word_1_253' title='bbox 1014 3082 1214 3134; x_wconf 88' lang='lat' dir='ltr'>Silanus,</span> <span class='ocrx_word' id='word_1_254' title='bbox 1246 3085 1294 3127; x_wconf 91' lang='lat' dir='ltr'>in</span> <span class='ocrx_word' id='word_1_255' title='bbox 1326 3083 1407 3127; x_wconf 91' lang='lat' dir='ltr'>het</span> <span class='ocrx_word' id='word_1_256' title='bbox 1425 3085 1523 3138; x_wconf 85' lang='lat' dir='ltr'>jaar</span> <span class='ocrx_word' id='word_1_257' title='bbox 1540 3086 1597 3128; x_wconf 88' lang='lat'>54</span> <span class='ocrx_word' id='word_1_258' title='bbox 1614 3099 1677 3140; x_wconf 92' lang='lat' dir='ltr'>op</span> <span class='ocrx_word' id='word_1_259' title='bbox 1695 3082 1831 3127; x_wconf 91' lang='lat' dir='ltr'>bevel</span> <span class='ocrx_word' id='word_1_260' title='bbox 1844 3099 1936 3127; x_wconf 88' lang='lat' dir='ltr'>van</span> <span class='ocrx_word' id='word_1_261' title='bbox 1953 3082 2214 3139; x_wconf 79' lang='lat' dir='ltr'>Agrippina</span> 
     </span>
     <span class='ocr_line' id='line_1_33' title="bbox 95 3139 2213 3198; baseline -0 -12"><span class='ocrx_word' id='word_1_262' title='bbox 95 3139 286 3197; x_wconf 76' lang='lat' dir='ltr'>gedood</span> <span class='ocrx_word' id='word_1_263' title='bbox 328 3140 405 3194; x_wconf 81' lang='lat' dir='ltr'>(cf.</span> <span class='ocrx_word' id='word_1_264' title='bbox 458 3142 523 3193; x_wconf 84' lang='lat'>13.</span> <span class='ocrx_word' id='word_1_265' title='bbox 574 3144 627 3192; x_wconf 85' lang='lat'>1;</span> <span class='ocrx_word' id='word_1_266' title='bbox 660 3140 779 3186; x_wconf 89' lang='lat' dir='ltr'>later</span> <span class='ocrx_word' id='word_1_267' title='bbox 808 3142 940 3187; x_wconf 90' lang='lat' dir='ltr'>werd</span> <span class='ocrx_word' id='word_1_268' title='bbox 972 3141 1020 3186; x_wconf 95' lang='lat' dir='ltr'>L.</span> <span class='ocrx_word' id='word_1_269' title='bbox 1053 3141 1237 3187; x_wconf 88' lang='lat' dir='ltr'>Silanus</span> <span class='ocrx_word' id='word_1_270' title='bbox 1270 3158 1333 3198; x_wconf 93' lang='lat' dir='ltr'>op</span> <span class='ocrx_word' id='word_1_271' title='bbox 1365 3141 1503 3187; x_wconf 88' lang='lat' dir='ltr'>bevel</span> <span class='ocrx_word' id='word_1_272' title='bbox 1533 3158 1625 3187; x_wconf 85' lang='lat' dir='ltr'>van</span> <span class='ocrx_word' id='word_1_273' title='bbox 1655 3141 1782 3186; x_wconf 88' lang='lat' dir='ltr'>Nero</span> <span class='ocrx_word' id='word_1_274' title='bbox 1815 3141 2004 3196; x_wconf 76' lang='lat' dir='ltr'>gedood</span> <span class='ocrx_word' id='word_1_275' title='bbox 2035 3141 2122 3196; x_wconf 85' lang='lat'><strong>(16.</strong></span> <span class='ocrx_word' id='word_1_276' title='bbox 2154 3143 2213 3194; x_wconf 75' lang='lat'>7).</span> 
     </span>
    </p>

    <p class='ocr_par' dir='ltr' id='par_1_15' title="bbox 98 3197 2211 3316">
     <span class='ocr_line' id='line_1_34' title="bbox 157 3197 2211 3258; baseline 0 -14"><span class='ocrx_word' id='word_1_277' title='bbox 157 3203 225 3244; x_wconf 88' lang='grc'>11.</span> <span class='ocrx_word' id='word_1_278' title='bbox 260 3198 312 3245; x_wconf 88' lang='lat' dir='ltr'>C.</span> <span class='ocrx_word' id='word_1_279' title='bbox 375 3197 544 3251; x_wconf 81' lang='lat' dir='ltr'>Cassii.</span> <span class='ocrx_word' id='word_1_280' title='bbox 605 3198 665 3244; x_wconf 79' lang='lat' dir='ltr'>cf.</span> <span class='ocrx_word' id='word_1_281' title='bbox 715 3202 784 3252; x_wconf 89' lang='lat'>12,</span> <span class='ocrx_word' id='word_1_282' title='bbox 835 3203 883 3245; x_wconf 86' lang='lat'>11</span> <span class='ocrx_word' id='word_1_283' title='bbox 908 3217 917 3244; x_wconf 94' lang='lat'><strong>:</strong></span> <span class='ocrx_word' id='word_1_284' title='bbox 967 3201 1019 3246; x_wconf 93' lang='lat' dir='ltr'>C.</span> <span class='ocrx_word' id='word_1_285' title='bbox 1068 3201 1250 3253; x_wconf 90' lang='lat' dir='ltr'>Cassio,</span> <span class='ocrx_word' id='word_1_286' title='bbox 1298 3204 1378 3258; x_wconf 90' lang='lat' dir='ltr'>qui</span> <span class='ocrx_word' id='word_1_287' title='bbox 1425 3199 1588 3246; x_wconf 88' lang='lat' dir='ltr'>Suriae</span> <span class='ocrx_word' id='word_1_288' title='bbox 1634 3206 1867 3257; x_wconf 85' lang='lat' dir='ltr'>praeerat,</span> <span class='ocrx_word' id='word_1_289' title='bbox 1915 3216 1975 3244; x_wconf 90' lang='lat' dir='ltr'>en</span> <span class='ocrx_word' id='word_1_290' title='bbox 2025 3203 2094 3253; x_wconf 84' lang='lat'>12,</span> <span class='ocrx_word' id='word_1_291' title='bbox 2130 3202 2211 3244; x_wconf 88' lang='lat'>12:</span> 
     </span>
     <span class='ocr_line' id='line_1_35' title="bbox 98 3256 1258 3316; baseline -0.001 -12"><span class='ocrx_word' id='word_1_292' title='bbox 98 3256 286 3304; x_wconf 75' lang='lat' dir='ltr'>Cassius</span> <span class='ocrx_word' id='word_1_293' title='bbox 317 3263 504 3303; x_wconf 89' lang='lat' dir='ltr'>ceteros</span> <span class='ocrx_word' id='word_1_294' title='bbox 535 3258 859 3314; x_wconf 86' lang='lat' dir='ltr'>praeminebat</span> <span class='ocrx_word' id='word_1_295' title='bbox 888 3263 1061 3316; x_wconf 86' lang='lat' dir='ltr'>peritia</span> <span class='ocrx_word' id='word_1_296' title='bbox 1092 3260 1258 3316; x_wconf 79' lang='lat' dir='ltr'>legum.</span> 
     </span>
    </p>

    <p class='ocr_par' dir='ltr' id='par_1_16' title="bbox 159 3316 1067 3375">
     <span class='ocr_line' id='line_1_36' title="bbox 159 3316 1067 3375; baseline 0.001 -13"><span class='ocrx_word' id='word_1_297' title='bbox 159 3320 227 3363; x_wconf 89' lang='lat'>13.</span> <span class='ocrx_word' id='word_1_298' title='bbox 258 3322 470 3374; x_wconf 77' lang='lat' dir='ltr'>prompte</span> <span class='ocrx_word' id='word_1_299' title='bbox 501 3316 697 3370; x_wconf 75' lang='lat' dir='ltr'>daturis,</span> <span class='ocrx_word' id='word_1_300' title='bbox 729 3333 780 3363; x_wconf 90' lang='lat' dir='ltr'>sc</span> <span class='ocrx_word' id='word_1_301' title='bbox 810 3321 1067 3375; x_wconf 83' lang='lat' dir='ltr'>imperium.</span> 
     </span>
    </p>

    <p class='ocr_par' dir='ltr' id='par_1_17' title="bbox 98 3374 2213 3492">
     <span class='ocr_line' id='line_1_37' title="bbox 159 3374 2213 3429; baseline -0 -8"><span class='ocrx_word' id='word_1_302' title='bbox 159 3378 228 3422; x_wconf 90' lang='lat'>16.</span> <span class='ocrx_word' id='word_1_303' title='bbox 260 3392 318 3421; x_wconf 86' lang='lat' dir='ltr'>ne</span> <span class='ocrx_word' id='word_1_304' title='bbox 348 3376 414 3421; x_wconf 83' lang='lat' dir='ltr'>ad</span> <span class='ocrx_word' id='word_1_305' title='bbox 445 3374 700 3421; x_wconf 81' lang='lat' dir='ltr'>libertatem</span> <span class='ocrx_word' id='word_1_306' title='bbox 732 3382 953 3429; x_wconf 83' lang='lat' dir='ltr'>oreretur,</span> <span class='ocrx_word' id='word_1_307' title='bbox 986 3393 1032 3408; x_wconf 92' lang='lat'>=</span> <span class='ocrx_word' id='word_1_308' title='bbox 1069 3394 1128 3422; x_wconf 92' lang='lat' dir='ltr'>ne</span> <span class='ocrx_word' id='word_1_309' title='bbox 1147 3376 1206 3422; x_wconf 89' lang='lat' dir='ltr'>ad</span> <span class='ocrx_word' id='word_1_310' title='bbox 1223 3381 1430 3422; x_wconf 87' lang='lat' dir='ltr'>veterem</span> <span class='ocrx_word' id='word_1_311' title='bbox 1447 3376 1708 3421; x_wconf 87' lang='lat' dir='ltr'>libertatem</span> <span class='ocrx_word' id='word_1_312' title='bbox 1729 3378 1906 3421; x_wconf 86' lang='lat' dir='ltr'>civitati</span> <span class='ocrx_word' id='word_1_313' title='bbox 1921 3374 2213 3421; x_wconf 88' lang='lat' dir='ltr'>reddendam</span> 
     </span>
     <span class='ocr_line' id='line_1_38' title="bbox 98 3435 1404 3492; baseline 0 -12"><span class='ocrx_word' id='word_1_314' title='bbox 98 3441 381 3491; x_wconf 71' lang='lat' dir='ltr'>exsurgeret.</span> <span class='ocrx_word' id='word_1_315' title='bbox 413 3438 490 3480; x_wconf 88' lang='lat' dir='ltr'>sui</span> <span class='ocrx_word' id='word_1_316' title='bbox 518 3442 734 3488; x_wconf 86' lang='lat' dir='ltr'>muneris,</span> <span class='ocrx_word' id='word_1_317' title='bbox 766 3442 898 3481; x_wconf 88' lang='lat' dir='ltr'>vert:</span> <span class='ocrx_word' id='word_1_318' title='bbox 931 3442 1004 3482; x_wconf 88' lang='lat' dir='ltr'>tot</span> <span class='ocrx_word' id='word_1_319' title='bbox 1034 3439 1120 3492; x_wconf 85' lang='lat' dir='ltr'>zijn</span> <span class='ocrx_word' id='word_1_320' title='bbox 1152 3435 1404 3492; x_wconf 77' lang='lat' dir='ltr'>geschenk.</span> 
     </span>
    </p>

    <p class='ocr_par' dir='ltr' id='par_1_18' title="bbox 160 3495 718 3550">
     <span class='ocr_line' id='line_1_39' title="bbox 160 3495 718 3550; baseline 0 -12"><span class='ocrx_word' id='word_1_321' title='bbox 160 3495 228 3538; x_wconf 84' lang='lat'>18.</span> <span class='ocrx_word' id='word_1_322' title='bbox 259 3509 402 3550; x_wconf 84' lang='lat' dir='ltr'>super</span> <span class='ocrx_word' id='word_1_323' title='bbox 436 3509 482 3525; x_wconf 86' lang='lat'><em>=</em></span> <span class='ocrx_word' id='word_1_324' title='bbox 515 3502 718 3549; x_wconf 75' lang='lat' dir='ltr'>wegens.</span> 
     </span>
    </p>

    <p class='ocr_par' dir='ltr' id='par_1_19' title="bbox 99 3551 2213 3728">
     <span class='ocr_line' id='line_1_40' title="bbox 155 3551 2210 3610; baseline 0 -14"><span class='ocrx_word' id='word_1_325' title='bbox 155 3551 268 3596; x_wconf 91' lang='lat' dir='ltr'><strong>LIII.</strong></span> <span class='ocrx_word' id='word_1_326' title='bbox 299 3557 370 3598; x_wconf 91' lang='lat'>20.</span> <span class='ocrx_word' id='word_1_327' title='bbox 403 3556 675 3597; x_wconf 82' lang='lat' dir='ltr'>circensium</span> <span class='ocrx_word' id='word_1_328' title='bbox 708 3551 922 3598; x_wconf 80' lang='lat' dir='ltr'>ludorum</span> <span class='ocrx_word' id='word_1_329' title='bbox 956 3553 1044 3607; x_wconf 82' lang='lat' dir='ltr'>die,</span> <span class='ocrx_word' id='word_1_330' title='bbox 1076 3556 1124 3601; x_wconf 83' lang='lat' dir='ltr'>in</span> <span class='ocrx_word' id='word_1_331' title='bbox 1157 3570 1260 3610; x_wconf 87' lang='lat' dir='ltr'>cap.</span> <span class='ocrx_word' id='word_1_332' title='bbox 1292 3556 1371 3598; x_wconf 89' lang='lat'>74:</span> <span class='ocrx_word' id='word_1_333' title='bbox 1392 3555 1670 3598; x_wconf 89' lang='lat' dir='ltr'>circensium</span> <span class='ocrx_word' id='word_1_334' title='bbox 1688 3551 2210 3604; x_wconf 84' lang='lat' dir='ltr'>Cerialiumludicrum;</span> 
     </span>
     <span class='ocr_line' id='line_1_41' title="bbox 101 3606 2213 3669; baseline 0 -15"><span class='ocrx_word' id='word_1_335' title='bbox 101 3606 160 3654; x_wconf 86' lang='lat' dir='ltr'>de</span> <span class='ocrx_word' id='word_1_336' title='bbox 191 3610 391 3656; x_wconf 87' lang='lat' dir='ltr'>Cerialia</span> <span class='ocrx_word' id='word_1_337' title='bbox 419 3611 614 3657; x_wconf 88' lang='lat' dir='ltr'>werden</span> <span class='ocrx_word' id='word_1_338' title='bbox 646 3611 894 3668; x_wconf 77' lang='lat' dir='ltr'>gehouden</span> <span class='ocrx_word' id='word_1_339' title='bbox 925 3628 1017 3658; x_wconf 79' lang='lat' dir='ltr'>van</span> <span class='ocrx_word' id='word_1_340' title='bbox 1051 3615 1223 3658; x_wconf 85' lang='lat'>12-19</span> <span class='ocrx_word' id='word_1_341' title='bbox 1254 3611 1413 3669; x_wconf 79' lang='lat' dir='ltr'>April;</span> <span class='ocrx_word' id='word_1_342' title='bbox 1450 3628 1511 3669; x_wconf 88' lang='lat' dir='ltr'>op</span> <span class='ocrx_word' id='word_1_343' title='bbox 1545 3611 1637 3656; x_wconf 86' lang='lat' dir='ltr'>den</span> <span class='ocrx_word' id='word_1_344' title='bbox 1668 3611 1869 3656; x_wconf 85' lang='lat' dir='ltr'>laatsten</span> <span class='ocrx_word' id='word_1_345' title='bbox 1901 3611 1990 3666; x_wconf 73' lang='lat' dir='ltr'>dag</span> <span class='ocrx_word' id='word_1_346' title='bbox 2020 3610 2213 3656; x_wconf 89' lang='lat' dir='ltr'>vonden</span> 
     </span>
     <span class='ocr_line' id='line_1_42' title="bbox 99 3666 657 3728; baseline 0.005 -16"><span class='ocrx_word' id='word_1_347' title='bbox 99 3666 197 3714; x_wconf 89' lang='lat' dir='ltr'>ludi</span> <span class='ocrx_word' id='word_1_348' title='bbox 227 3672 461 3716; x_wconf 88' lang='lat' dir='ltr'>circenses</span> <span class='ocrx_word' id='word_1_349' title='bbox 491 3670 657 3728; x_wconf 89' lang='lat' dir='ltr'>plaats.</span> 
     </span>
    </p>
   </div>
  </div>
 </body>
</html>
