2574 3912
268 178 334 231 12
1012 174 1359 232 CORNELII
1395 175 1642 234 TACITI

269 342 532 406 quartam
586 334 967 405 Funisulanus
1004 335 1388 393 Vettonianus
1438 318 1611 394 eoin
1646 344 1925 409 tempore,
1967 338 2388 398 duodecumam

267 429 539 488 Calavius
580 429 829 487 Sabinus
872 431 1167 502 regebant,
1208 432 1542 489 Armeniam
1576 436 1765 500 intrat,
1803 437 1952 490 tristi
1992 438 2198 492 omine.
2253 457 2388 494 nam

259 531 318 583 in
373 534 735 597 transgressu
773 527 1094 598 EuphratiS,
1137 549 1307 599 quem
1344 536 1523 600 ponte
1558 531 1968 596 tramittebant,
2007 530 2162 587 nulla
2198 531 2389 603 palam

270 643 447 679 causa
485 622 748 679 turbatus
804 644 1007 693 equuS,
1063 628 1162 694 qui
1219 624 1542 681 consularia
1598 628 1840 696 insignia
1895 626 2176 696 gestabat,
2229 633 2387 684 retro

215 750 238 783 5
266 722 479 784 evasit;
555 718 879 790 hostiaque,
947 741 1097 790 quae
1170 720 1590 787 muniebantur,
1661 722 2043 789 hibernaculis
2102 722 2389 780 adsistens

262 815 567 871 semifacta
602 836 783 887 opera
822 816 957 887 iuga
1001 820 1261 887 perrupit
1299 837 1479 887 seque
1503 817 1655 873 vallo
1679 818 1912 884 extulit;
1937 825 1995 875 et
2015 818 2131 890 pila
2151 819 2391 876 militum

265 934 487 979 arsere,
528 917 706 983 magis
763 915 967 983 insigni
1022 913 1301 984 prodigi0,
1362 917 1497 984 quia
1549 913 1788 970 Parthus
1845 914 2026 971 hostis
2085 914 2389 985 missilibus

258 1009 386 1066 telis
424 1009 703 1066 decertat.

527 1069 1009 1207 Wiffi’aetus’
1047 1149 1441 1245 nalatigheid
1480 1169 1563 1207 en
1600 1117 2048 1224 aanmatiging.

336 1290 473 1347 VIII.
554 1290 827 1347 Ceterum
865 1290 1078 1347 Paetus
1117 1294 1324 1361 spretis
1365 1290 1666 1357 ominibus,
1697 1291 1946 1348 necdum
1977 1296 2115 1349 satis
2148 1291 2388 1349 firmatis

198 1415 240 1448 10
263 1386 662 1454 hibernaculis,
733 1387 887 1443 nullo
955 1391 1040 1442 rei
1091 1387 1500 1443 frumentariae
1557 1390 1809 1458 provisu,
1865 1392 2017 1459 rapit
2075 1391 2389 1446 exercitum

265 1490 422 1539 trans
479 1490 734 1540 montem
783 1482 1032 1540 Taurum
1088 1483 1493 1553 reciperandiS,
1552 1490 1618 1540 ut
1670 1482 1912 1550 ferebat,
1967 1483 2389 1555 Tigranocertis

263 1580 675 1650 vastandisque
714 1580 1060 1651 regionibuS,
1084 1600 1226 1650 quas
1251 1578 1504 1636 Corbulo
1536 1583 1787 1650 integras
1811 1583 2113 1637 omisisset.
2138 1570 2197 1638 et
2219 1588 2391 1652 capta

265 1676 553 1746 quaedam
586 1676 837 1742 castella,
869 1677 1200 1748 gloriaeque
1233 1684 1291 1733 et
1328 1677 1585 1748 praedae
1621 1679 1879 1736 nonnihil
1915 1685 2160 1748 partum,
2203 1679 2252 1733 si
2290 1682 2391 1734 aut

264 1771 499 1842 gloriam
537 1794 666 1829 cum
704 1774 881 1830 modo
923 1781 1023 1830 aut
1062 1774 1343 1845 praedam
1382 1796 1511 1831 cum
1542 1795 1681 1831 cura
1707 1775 2034 1832 habuisset:
2067 1773 2390 1844 longinquis
2448 1779 2455 1786 '

200 1890 241 1923 15
264 1868 564 1924 itineribus
620 1870 1031 1939 percursandO,
1092 1891 1241 1941 quae
1300 1870 1546 1926 obtineri
1583 1871 1915 1942 nequibant,
1956 1876 2241 1940 corrupte,
2295 1871 2393 1940 qui

266 1971 468 2035 captus
508 1974 647 2031 erat,
689 1973 1013 2023 commeatu
1053 1973 1112 2022 et
1147 1970 1397 2023 instante
1433 1970 1547 2023 iam
1579 1968 1784 2034 hieme,
1826 1967 2055 2023 reduxit
2078 1967 2391 2022 exercitum

265 2065 687 2131 conposuitque
748 2061 823 2117 ad
864 2061 1178 2118 Caesarem
1213 2062 1434 2119 litteras
1475 2066 1638 2133 quasi
1674 2063 1943 2119 coniecto
1983 2061 2156 2127 bello,
2196 2060 2422 2117 verbis-

262 2156 593 2227 magnificis,
633 2178 824 2213 rerum
862 2179 1095 2215 vacuas,
2343 2205 2424 2249 μ

355 2335 394 2377 1.
455 2332 775 2379 Funisulanus
814 2334 1131 2389 Vettonianus,
1177 2339 1265 2392 zijn
1295 2351 1434 2380 naam
1479 2334 1613 2380 komt
1653 2351 1715 2391 op
1763 2336 1928 2390 eenige
1975 2333 2076 2379 Lat.
2121 2334 2390 2391 inscripties

261 2408 410 2446 voor;
445 2395 493 2437 in
511 2393 717 2447 deiaren
734 2396 791 2438 84
824 2394 874 2439 of
904 2397 962 2439 85
994 2411 1091 2439 was
1123 2395 1181 2451 hij
1215 2394 1508 2440 stadhouder
1537 2411 1630 2439 van
1660 2394 1917 2440 Pannonie.

351 2453 392 2495 2.
454 2455 575 2496 tristi
590 2456 755 2506 omine,
773 2453 817 2497 h.
835 2453 863 2498 l.
883 2454 964 2499 het
995 2455 1227 2510 singulare
1259 2455 1386 2511 gebr.
1421 2453 1582 2499 omdat
1613 2454 1695 2499 het
1726 2462 1878 2499 eerste
1910 2450 2206 2498 voorteeken
2237 2450 2391 2497 alleen

262 2510 320 2567 bij
355 2512 447 2556 den
479 2522 714 2569 overgang
743 2529 836 2557 van
867 2514 961 2559 den
991 2514 1233 2571 Euphraat
1264 2515 1416 2571 plaats
1433 2514 1527 2559 had
1546 2531 1554 2567 ;
1575 2513 1634 2558 de
1661 2513 1882 2559 2andere
1900 2515 2057 2558 omina
2072 2510 2390 2568 geschiedden

262 2571 395 2616 later.
444 2574 565 2616 tristi
608 2597 665 2602 -—
715 2573 922 2628 ongeluk
966 2574 1316 2631 voorspellend.
1365 2577 1410 2619 in
1457 2579 1758 2631 transgressu
1789 2572 2059 2629 Euphratis,
2090 2570 2299 2617 wellicht
2329 2569 2389 2627 bij

263 2630 489 2675 Melitene
521 2634 568 2676 in
601 2631 922 2690 Cappadociii,
955 2649 1084 2678 waar
1129 2637 1177 2678 in
1225 2650 1264 2678 c.
1312 2636 1371 2679 26
1416 2649 1654 2679 eveneens
1699 2649 1789 2678 een
1836 2629 2088 2678 overtocht
2135 2646 2251 2677 over
2296 2629 2390 2676 den

261 2689 506 2747 Euphraat
538 2691 841 2747 plaatsvindt.

351 2754 391 2794 5.
455 2766 579 2806 quae
624 2751 966 2804 muniebantur,
1013 2749 1344 2803 hibernaculis,
1391 2751 1451 2797 de
1497 2751 1723 2797 relatieve
1768 2753 1843 2796 zin
1888 2753 1928 2795 is
1973 2748 2075 2795 hier
2119 2757 2390 2806 ongewoon

261 2810 646 2866 vooropgesteld.
1857 2822 1878 2852 x

351 2870 393 2913 5,
456 2870 708 2922 adsistens.
742 2887 819 2915 om
850 2870 926 2915 n.l.
960 2870 1178 2927 geofserd
1209 2875 1256 2915 te
1287 2869 1500 2922 worden,
1534 2870 1601 2915 als
1629 2869 1687 2914 de
1704 2867 2011 2914 hibernacula
2026 2866 2200 2925 gereed
2214 2882 2389 2912 waren.

351 2929 393 2972 6.
455 2928 554 2984 pila
590 2963 599 2973 .
634 2963 643 2973 .
678 2962 688 2974 .
723 2963 732 2973 .
766 2945 941 2981 arsere,
990 2930 1049 2975 cf.
1098 2946 1313 2975 evenzoo
1349 2933 1416 2983 12,
1449 2932 1535 2975 64:
1569 2932 1701 2985 signa
1733 2945 1788 2974 ac
1820 2930 2028 2974 tentoria
2058 2927 2253 2973 militum
2283 2929 2389 2983 igne

264 2987 458 3032 caelesti
490 3005 660 3033 arsere.
694 2993 734 3033 7.
767 2993 921 3046 magis
952 2992 1122 3045 insigni
1150 2991 1384 3046 prodigio,
1416 2994 1564 3034 vert.:
1599 3006 1658 3034 en
1691 2987 1771 3034 dat
1801 3004 1899 3035 was
1926 3004 2016 3033 een
2032 2995 2126 3043 nog
2143 3001 2328 3032 meet..
2347 3017 2358 3030 .
2377 3017 2388 3030 .

264 3047 655 3093 wonderteeken.

323 3106 438 3151 VIII.
504 3111 571 3152 10.
604 3110 729 3163 rapit
765 3124 803 3137 =
843 3111 1012 3162 raptim
1045 3107 1188 3153 ducit.

326 3168 394 3209 11.
458 3166 641 3211 ferebat
693 3181 731 3194 =
786 3176 975 3223 zeggen‚
1025 3167 1084 3212 ct.
1132 3170 1172 3215 4.
1221 3170 1292 3219 40,
1341 3169 1426 3211 32:
1473 3182 1571 3211 non
1619 3166 1796 3211 occulti
1840 3165 2000 3210 ferunt
2040 3179 2100 3209 en
2145 3165 2188 3217 6,
2225 3164 2299 3215 49,
2329 3163 2385 3206 8:

264 3241 546 3281 quamquam
580 3259 589 3269 .
625 3259 634 3270 .
669 3258 680 3269 .
715 3259 725 3270 .
759 3227 945 3282 aliaque
976 3230 1023 3271 in
1055 3226 1258 3271 eundem
1290 3225 1504 3271 dolorem
1535 3232 1715 3270 maesta
1746 3232 1795 3270 et
1825 3224 2090 3270 miseranda
2121 3222 2202 3268 diu
2226 3221 2388 3267 ferret.

327 3288 393 3328 14.
455 3285 653 3342 gloriam
686 3301 789 3330 cum
822 3286 976 3337 modo,
1011 3286 1078 3330 dit
1110 3285 1229 3330 slaat
1262 3302 1324 3343 op
1356 3285 1437 3330 het
1468 3285 1730 3340 volgende:
1766 3287 2032 3341 composuit
2061 3315 2071 3326 .
2094 3314 2104 3326 .
2126 3315 2135 3327 .
2164 3314 2175 3326 .
2206 3281 2387 3326 litteras

263 3343 419 3388 verbis
451 3345 726 3400 magnificis.
759 3360 861 3389 cum
895 3361 1024 3395 cura,
1059 3346 1126 3389 dit
1157 3345 1288 3390 heeft
1320 3344 1602 3400 betrekking
1634 3361 1696 3401 op
1728 3343 1810 3389 het
1849 3340 2111 3399 volgende:
2160 3346 2386 3397 corrupto

264 3404 343 3458 qui
375 3410 543 3460 captus
576 3411 676 3448 erat
709 3412 988 3450 commeatu.

325 3464 391 3505 15.
455 3464 792 3516 percursando,
825 3464 917 3508 h.l.
960 3480 997 3492 =
1038 3479 1336 3520 percursans.

325 3523 392 3564 16.
455 3523 614 3575 hieme,
649 3523 708 3567 de
740 3526 909 3568 winter
939 3524 1163 3567 tusschen
1196 3526 1253 3567 62
1285 3539 1344 3566 en
1375 3525 1432 3567 63
1463 3524 1502 3566 is
1533 3521 1756 3567 bedoeld.
1827 3570 1833 3575 ,

325 3582 391 3623 18.
458 3597 648 3633 vacuas,
697 3582 741 3626 h.
758 3582 784 3625 l.
819 3583 969 3627 alleen
1003 3582 1123 3628 door
1155 3582 1265 3627 Tac.
1298 3587 1394 3626 met
1425 3581 1516 3627 den
1549 3590 1667 3637 gen..
1698 3581 1816 3626 Hist.
1850 3581 1964 3633 1.86
1981 3580 2386 3634 metageconstr..

291 3639 461 3685 andcrs
492 3647 586 3685 met
618 3641 676 3685 de
710 3641 851 3686 ablat.

2418 2177 2454 2208 1·
