2574 3912
314 173 387 226 26
1065 169 1411 227 CORNELII
1445 170 1694 228 TACITI

315 332 647 397 advenerat,
689 353 804 402 quo
844 336 903 388 in
959 339 1116 389 statu
1171 324 1451 389 Armenia
1509 340 1679 398 esset,
1707 353 1933 398 ,omnes
1972 332 2107 389 inde
2145 333 2438 391 Romanos

315 431 633 485 excessisse
649 428 966 498 respondit.
991 426 1111 484 tum
1129 428 1424 485 intellecto
1443 429 1821 485 barbarorum
1840 432 2033 495 inrisu,
2055 414 2153 500 qui
2169 435 2439 500 peterent

314 524 474 594 quod
512 527 858 594 eripuerant,
899 523 1184 580 consuluit
1221 527 1370 580 inter
1406 527 1689 596 primores
1727 528 1973 581 civitatis
2016 524 2188 590 Ner0,
2226 524 2438 582 bellum

315 639 527 690 anceps
543 640 618 676 an
633 639 749 690 pax
763 619 1069 676 inhonesta
1082 620 1358 690 plac'e'ret.
1371 641 1482 676 nec
1496 620 1818 677 dubitatum
1836 620 1909 677 de
1921 620 2091 677 bello.
2109 627 2168 676 et
2182 619 2437 678 Corbulo

270 727 292 760 ⁵
315 715 550 771 militum
589 723 763 786 atque
801 714 1051 772 hostium
1088 722 1177 772 tot
1214 737 1319 786 per
1357 736 1541 772 annos
1578 729 1786 788 gnarus
1814 716 2105 788 gerendae
2123 719 2209 772 rei
2226 717 2438 787 praefi-

315 814 474 876 citur,
531 832 606 867 ne
664 815 823 868 cuius
881 811 1115 867 alterius
1172 814 1394 868 inscitia
1449 800 1673 868 rursum
1712 805 2067 883 peccaretur,
2108 815 2244 883 quia
2279 812 2439 869 Paeti

314 911 593 979 piguerat.
651 910 817 977 igitur
867 910 1018 963 inriti
1067 911 1447 974 remittuntur,
1488 928 1618 964 cum
1656 907 1821 964 donis
1858 915 2072 973 tamen,
2110 907 2265 965 unde
2305 929 2438 979 spes

316 1004 485 1060 fieret
539 1025 659 1060 non
716 1003 928 1060 frustra
986 1002 1194 1059 eadem
1251 1010 1546 1062 oraturum
1601 1003 1909 1070 Tiridaten,
1969 1007 2016 1060 si
2071 1024 2275 1075 preces
2313 1007 2437 1075 ipse

316 1100 614 1157 attulisset.
637 1098 954 1170 Syriaeque
970 1102 1234 1155 executio
1248 1098 1363 1162 <C.>
1382 1098 1596 1165 CestiO,
1617 1104 1819 1170 copiae
1834 1099 2104 1156 militares
2123 1098 2440 1157 Corbuloni

251 1215 293 1247 ιο
313 1199 648 1267 permissae,
687 1203 746 1251 et
766 1198 965 1266 quinta
986 1195 1230 1252 decuma
1247 1195 1396 1266 legio
1419 1195 1667 1252 ducente
1687 1195 1874 1252 Mario
1897 1195 2070 1253 Celso
2091 1217 2124 1252 e
2143 1195 2439 1252 Pannonia

313 1292 541 1348 adiecta
580 1298 685 1348 est.
725 1291 989 1348 scribitur
1027 1291 1329 1348 tetrarchis
1372 1312 1439 1347 ac
1476 1292 1707 1362 regibus
1746 1292 2174 1363 praefectisque
2213 1298 2271 1348 et
2301 1313 2438 1362 pro-

313 1388 671 1444 curatoribus
711 1395 769 1443 et
808 1391 905 1458 qui
942 1394 1277 1458 praetorum
1316 1387 1587 1443 finitimas
1605 1391 1933 1458 provincias
1954 1387 2250 1458 regebant,
2271 1390 2438 1444 iussis

317 1483 660 1541 Corbulonis
720 1482 980 1553 obsequi,
1040 1486 1099 1539 in
1155 1489 1378 1539 tantum
1429 1482 1609 1539 ferme
1647 1483 1882 1540 modum
1922 1490 2093 1539 aucta
2128 1489 2437 1554 potestate,

316 1600 489 1650 quem
538 1579 785 1650 populus
825 1579 1120 1637 Romanus
1168 1578 1272 1635 Cn.
1312 1578 1586 1650 Pompeio
1619 1578 1831 1636 bellum
1869 1582 2170 1658 piraticum
2205 1586 2437 1649 gesturo

251 1688 291 1721 1⁵
315 1675 585 1732 dederat.
617 1688 939 1746 regressum
974 1675 1230 1740 Paetum,
1266 1696 1394 1731 cum
1431 1679 1699 1746 graviora
1731 1682 2027 1739 metueret,
2049 1675 2270 1732 facetiis
2287 1678 2438 1733 inse-

314 1775 455 1828 ctari
486 1775 625 1828 satis
663 1770 862 1827 habuit
903 1770 1138 1836 Caesar,
1178 1770 1266 1827 his
1304 1771 1483 1828 ferme
1523 1771 1745 1828 verbis:
1787 1774 2088 1843 ignoscere
2129 1791 2192 1828 se
2230 1774 2438 1836 statim,

313 1889 388 1925 ne
437 1875 554 1924 tam
591 1874 893 1938 promptus
932 1870 990 1923 in
1028 1888 1306 1937 pavorem
1344 1868 1602 1938 longiore
1643 1866 2022 1924 sollicitudine
2063 1872 2493 1951 aegresceret&

523 2014 741 2071 XXVI.
813 2013 1093 2071 Corbulo
1131 2019 1316 2072 voert
1352 2013 1463 2071 het
1499 2014 1679 2086 leger
1716 2033 1875 2070 naar
1912 2015 2235 2071 Armeni&

385 2162 575 2218 XXVI.
615 2161 695 2218 At
737 2161 992 2218 Corbulo
1034 2168 1238 2233 quarta
1277 2170 1335 2219 et
1372 2161 1737 2218 duodecuma
1774 2161 2109 2233 legionibuS,
2151 2181 2300 2231 quae
2321 2161 2439 2218 for·

313 2261 531 2315 tissimo
554 2279 785 2329 quoque
807 2262 1017 2314 amisso
1042 2265 1100 2314 et
1140 2261 1348 2315 ceteris
1388 2261 1671 2314 exterritis
1710 2278 1912 2328 parum
1950 2251 2171 2314 habiles
2214 2256 2438 2328 proelio

246 2368 291 2400 20
314 2355 678 2420 videbantur,
699 2358 758 2410 in
779 2353 1004 2423 Syriam
1023 2353 1331 2420 translatiS,
1354 2361 1577 2410 sextam
1613 2353 1748 2410 inde
1788 2374 1856 2409 ac
1894 2357 2124 2409 tertiam
2162 2352 2435 2424 legioneS,

241 2454 596 2522 ⁴&integrum
648 2450 880 2506 militem
931 2457 989 2505 et
1029 2449 1216 2543 crebis
1257 2471 1324 2506 ac
1362 2453 1654 2520 prosperis
1695 2448 1989 2506 laboribus
2030 2451 2342 2505 exercitum
2381 2451 2439 2503 in

246 2499 257 2557 N

230 2426 239 2466 l

371 2619 508 2665 XXV.
555 2623 597 2664 5.
639 2619 929 2675 praeficitur.
961 2619 1226 2675 praeficere
1257 2625 1353 2664 met
1385 2618 1478 2664 den
1510 2618 1605 2664 dat.
1636 2635 1728 2663 van
1759 2618 1841 2663 het
1872 2617 2178 2674 gerundivum
2208 2617 2346 2663 reeds
2378 2616 2436 2673 bij

314 2680 412 2726 Cic.
447 2680 506 2724 de
537 2679 692 2724 Domo
725 2681 766 2732 ὃ,
799 2682 884 2724 20:
917 2678 1043 2723 bello
1077 2678 1300 2735 gerendo.

403 2743 444 2784 7.
476 2742 616 2790 inriti,
656 2754 694 2767 =
733 2741 864 2783 irrita
893 2755 960 2783 re.

401 2802 443 2844 9.
477 2797 647 2854 Syriae
679 2800 888 2842 executio
928 2812 967 2826 =
1007 2795 1066 2840 de
1098 2795 1356 2851 jurisdictie
1389 2813 1447 2840 en
1479 2796 1560 2841 het
1591 2795 1787 2841 bestuur
1816 2798 1864 2840 in
1882 2794 2030 2852 Syri'e',
2058 2795 2117 2840 ci.
2137 2794 2438 2852 Cic.p.Sest.

316 2861 399 2903 13:
433 2863 685 2915 quaestura
717 2856 1028 2901 Macedoniae
1061 2872 1121 2900 en
1151 2872 1196 2912 p.
1230 2855 1383 2900 Flacc.
1416 2859 1471 2900 5:
1506 2855 1776 2913 Hispaniae,
1810 2855 2008 2908 Galliae,
2027 2854 2234 2900 Ciliciae.
2266 2852 2438 2899 Cretae

311 2919 427 2963 vitia
458 2923 506 2962 et
536 2916 727 2972 flagitia.
761 2915 932 2968 Cestio,
964 2915 1321 2971 waarschijnlijk
1352 2931 1440 2959 een
1470 2931 1595 2961 zoon
1625 2930 1718 2960 van
1750 2915 1843 2959 den
1875 2914 2041 2961 consul
2069 2930 2162 2959 van
2193 2915 2251 2959 35
2280 2930 2326 2958 n.
2353 2912 2435 2966 C.;

312 2977 431 3022 later
462 2979 622 3021 streed
653 2976 710 3027 hii
747 2974 1030 3032 ongelukkig
1062 2981 1202 3029 tegen
1233 2974 1292 3019 de
1324 2973 1484 3019 Joden
1517 2990 1576 3020 en
1609 2974 1742 3019 stieri
1773 2977 1822 3019 in
1853 2976 1911 3019 66
1928 2990 1974 3019 n.
1991 2974 2044 3020 C.
2064 2974 2141 3027 (cf.
2159 2972 2276 3018 Hist.
2293 2972 2436 3025 5.10).

375 3039 443 3081 10.
478 3039 638 3092 quinia
672 3035 867 3080 decuma
902 3034 1036 3091 legio,
1068 3033 1372 3090 Apollinaris.
1405 3033 1563 3078 Mario
1598 3032 1752 3084 Celsa,
1784 3033 2120 3089 herhaaldelijk
2151 3031 2306 3092 wurdt
2322 3030 2437 3076 deze

313 3098 360 3139 in
402 3095 461 3139 de
502 3094 740 3140 Historiae
773 3094 1027 3150 genoemd;
1061 3094 1119 3149 hij
1153 3109 1252 3137 was
1284 3109 1373 3137 een
1405 3099 1559 3138 trouw
1591 3093 1859 3148 aanhanger
1888 3108 1981 3138 van
2013 3091 2168 3138 Galba
2197 3106 2256 3136 en
2288 3090 2438 3136 onder

314 3154 464 3199 dezen
496 3154 662 3199 consul
693 3154 977 3209 designatus,
1011 3153 1109 3197 ook
1141 3151 1270 3197 Otho
1302 3152 1490 3197 maakte
1521 3169 1614 3198 van
1643 3157 1730 3208 zijn
1764 3153 1981 3197 diensten
2012 3149 2222 3207 gebruik.

375 3217 440 3258 11.
473 3213 739 3269 praefectis,
788 3215 847 3257 de
893 3213 1125 3269 praefecti
1171 3227 1332 3256 waren
1373 3212 1433 3256 de
1481 3211 1799 3257 aanvoerders
1846 3211 1930 3257 der
1976 3209 2346 3266 bondgenooten
2389 3211 2438 3253 in

313 3272 371 3317 de
403 3273 611 3317 kleinere
642 3273 911 3328 provincies
942 3289 1001 3316 en
1031 3287 1124 3316 van
1155 3270 1215 3315 de
1247 3271 1408 3315 classis
1439 3270 1637 3316 Pontica
1668 3271 1746 3325 (cf.
1778 3270 1895 3315 Hist.
1927 3273 1969 3323 2,
2001 3270 2090 3324 83).

376 3335 443 3376 11.
474 3332 874 3387 procuratoribus,
907 3336 1002 3376 met
1034 3330 1185 3375 dezen
1217 3328 1414 3374 worden
1445 3330 1653 3375 bedoeld
1685 3331 1745 3375 de
1777 3328 2084 3375 bestuurders
2114 3326 2199 3373 der
2227 3325 2436 3372 kleinere

312 3390 1154 3447 provincies,bavari-Cappadoci&
1172 3393 1456 3445 praetorum,
1475 3389 1682 3434 bedoeld
1698 3393 1785 3443 ziin
1803 3390 1879 3433 die
1910 3389 2190 3445 provincies.
2221 3386 2298 3431 die
2315 3385 2437 3431 door

313 3465 404 3554 eGenl
433 3450 613 3505 legatus
643 3465 730 3505 pro
762 3455 983 3506 praetore
1015 3448 1208 3493 werden
1240 3448 1481 3501 bestuurd,
1513 3449 1675 3494 zooals
1707 3448 1883 3501 Cilici'e',
1915 3444 2359 3504 Lyci5,Pamphylie
2375 3460 2436 3489 en

362 3525 389 3553 a
408 3511 514 3554 atie.

375 3571 443 3612 14.
478 3567 561 3612 Cn.
592 3567 815 3624 Pompeio
850 3603 859 3612 .
893 3600 903 3610 .
938 3601 947 3611 .
983 3600 993 3610 .
1028 3566 1235 3617 dederat,
1269 3564 1391 3610 door
1423 3565 1483 3611 de
1515 3566 1591 3611 lex
1622 3565 1827 3612 Gabinia
1856 3580 1948 3610 van
1978 3563 2061 3610 het
2090 3566 2189 3620 iaar
2218 3564 2275 3608 67
2307 3579 2351 3607 v.
2385 3561 2437 3607 C.

371 3626 529 3671 XXVI.
566 3629 632 3671 18.
666 3632 834 3683 quarta
870 3632 912 3670 ei
944 3626 1235 3671 duodecuma
1268 3623 1541 3680 legionibus,
1576 3626 1636 3670 cf.
1671 3642 1711 3670 c.
1742 3627 1785 3669 6.
