2574 3912
292 142 366 196 58
1035 133 1382 193 CORNELII
1416 110 1684 193 TAcm'

292 321 527 374 quoque
554 305 853 356 momento
886 298 1296 370 suppeditante
1317 297 1663 369 eloquentia,
1705 297 2004 355 advocatis
2044 296 2417 369 scriptoribus

75 392 135 425 »ς
156 400 245 440 1-2'
290 396 567 468 pleraque
606 394 859 460 tradidit.
901 414 1051 465 quae
1109 397 1169 451 in
1223 393 1426 465 vulgus
1486 393 1645 450 edita
1697 397 1825 477 eius
1880 393 2073 451 verbis
2127 395 2416 469 invertere
2467 409 2470 411 ’

293 491 671 563 supersedeo.

629 600 836 659 LXIV.
906 600 1078 658 Nero
1115 599 1489 658 verbindert
1525 599 1847 658 Paulina’s
1880 597 2068 656 dood.

362 720 548 778 LXIV.
623 719 707 777 At
742 717 899 775 Nero
937 717 1092 775 nullo
1128 722 1187 775 in
1223 716 1516 774 Paulinam
1543 720 1779 789 proprio
1800 717 1953 783 odie,
1976 738 2044 774 ac
2063 738 2137 774 ne
2157 717 2422 788 glisceret

249 827 270 860 ⁵
293 817 510 874 invidia
548 815 921 880 crudelitatiS,
960 814 1172 882 (iubet)
1209 813 1455 870 inhiberi
1491 821 1751 870 mortem.
1772 811 2131 870 hortantibus
2152 811 2420 870 militibus

295 915 448 971 servi
503 912 806 982 libertique
864 910 1119 980 obligant
1155 908 1408 976 brachia,
1447 915 1718 980 premunt
1753 912 2103 981 sanguinem,
2142 912 2423 967 incertum

296 1030 370 1067 an
388 1012 638 1081 ignarae.
667 1027 817 1073 nam,
837 1013 903 1063 ut
923 1014 1011 1063 est
1031 1005 1231 1077 vulgus
1254 1006 1330 1062 ad
1349 1005 1644 1062 deteriora
1661 1012 2003 1077 promptum,
2024 1026 2144 1063 non
2162 1003 2422 1072 defuere,

297 1109 395 1178 qui
447 1104 770 1170 crederent,
830 1103 1017 1160 donec
1073 1101 1475 1174 inplacabilem
1531 1101 1824 1158 Neronem
1879 1104 2145 1167 timuerit,
2211 1101 2424 1158 famam

297 1205 551 1259 sociatae
591 1221 721 1257 cum
758 1203 964 1256 marito
1003 1202 1203 1256 mortis
1241 1202 1534 1269 petivisse,
1576 1197 1792 1256 deinde
1831 1196 2027 1255 oblata
2062 1200 2287 1254 mitiore
2318 1217 2422 1269 spe

234 1315 274 1348 10
297 1296 700 1354 blandimentis
756 1299 909 1352 vitae
969 1299 1244 1359 evictam;
1300 1297 1391 1351 cui
1445 1293 1667 1351 addidit
1718 1313 1937 1365 paucos
1974 1301 2183 1365 postea
2221 1313 2423 1359 annm,

294 1392 567 1451 laudabili
604 1395 663 1448 in
700 1395 966 1448 maritum
1000 1394 1280 1447 memoria
1318 1397 1378 1446 et
1417 1410 1518 1446 ore
1541 1411 1609 1447 ac
1629 1390 1898 1446 membris
1918 1392 1976 1446 in
1997 1409 2128 1446 eum
2146 1387 2426 1461 pallorem

297 1488 642 1554 albentibUS,
683 1494 748 1544 ut
787 1490 1041 1544 ostentui
1080 1493 1236 1543 esset
1273 1486 1513 1543 multum
1551 1486 1740 1542 vitalis
1780 1488 2008 1557 spiritus
2049 1491 2324 1557 egestum.

371 1584 600 1642 Seneca
638 1587 882 1643 interim,
926 1583 1172 1639 durante
1212 1590 1401 1639 tractu
1441 1588 1500 1639 et
1538 1582 1882 1639 lentitudine
1922 1585 2139 1647 mortiS,
2181 1579 2424 1638 Statium

297 1679 622 1746 Annaeum,
679 1679 777 1736 diu
837 1678 945 1735 sibi
1003 1682 1283 1735 amicitiae
1325 1677 1444 1735 fide
1480 1685 1539 1735 et
1577 1685 1702 1735 arte
1741 1678 2063 1735 medicinae
2102 1675 2425 1748 probatum,

236 1804 276 1837 1⁵
300 1783 444 1843 orat,
483 1779 778 1847 provisum
814 1775 1041 1846 pridem·
1076 1795 1382 1841 venenum,
1423 1795 1538 1846 quo
1579 1774 1834 1831 damnati
1850 1770 2094 1845 public&
2108 1772 2427 1831 Athenien-

300 1875 446 1929 sium
483 1871 695 1928 iudicio
737 1875 1224 1943 extinguerentur,
1252 1878 1574 1942 promeret;
1599 1870 1970 1941 adlatumque
1992 1870 2179 1927 hausit
2199 1869 2426 1935 frustra,

301 1967 535 2039 frigidus
573 1971 684 2023 iam
708 1974 865 2024 artus
888 1974 947 2023 et
968 1967 1128 2025 cluso
1151 1987 1396 2038 corpore
1419 1966 1728 2023 adversum
1748 1969 1863 2024 vim
1883 1942 2428 2077 venenisffostremo

301 2071 563 2135 stagnum
622 2063 846 2120 calidae
887 2084 1075 2134 aquae
1119 2066 1352 2129 introiit,
1392 2074 1735 2134 respergens
1773 2066 2070 2134 proximos
2098 2047 2426 2127 servorum,

302 2160 502 2217 addita
539 2180 704 2225 voce,
745 2158 925 2217 libare
966 2179 1030 2215 se
1068 2159 1344 2230 liquorem
1383 2158 1537 2215 illum
1571 2158 1692 2215 Iovi
1710 2158 2022 2215 liberatori.
2046 2161 2199 2215 exim
2216 2155 2429 2215 balneo

236 2278 280 2311 20
302 2255 510 2313 inlatus
570 2263 628 2312 et
680 2276 900 2326 vapore
961 2259 1084 2312 eius
1136 2259 1512 2321 exanimatuS,
1572 2258 1695 2311 sine
1743 2254 1859 2311 ullo
1914 2254 2129 2310 funeris
2169 2252 2430 2310 sollemni

395 2406 435 2450 1.
465 2401 789 2459 scriptoribus,
804 2403 1063 2459 schrijvers,
1086 2408 1157 2448 tot
1174 2402 1233 2448 de
1250 2401 1414 2448 slaven
1432 2403 1483 2447 of
1499 2404 1831 2459 vrijgelatenen
1848 2400 2172 2447 behoorende.
2189 2398 2430 2457 pleraque,

303 2479 412 2509 zeer
441 2461 548 2508 veel
580 2462 766 2518 dingen.

392 2525 434 2567 2.
467 2525 568 2567 eius
586 2520 754 2572 verbis,
771 2527 818 2566 te
834 2520 1097 2567 verbinden
1114 2528 1232 2575 met:
1252 2520 1393 2566 edita.
1410 2524 1640 2566 invertere
1664 2537 1703 2550 =
1727 2522 2025 2566 commutatis
2041 2518 2198 2566 verbis
2214 2518 2432 2565 reddere.

364 2580 518 2627 LXIV.
549 2582 592 2626 6.
626 2585 849 2635 premunt,
871 2581 1058 2627 suno.
1088 2615 1098 2622 .
1134 2583 1143 2609 *³
1239 2590 1249 2637 ,¹

392 2643 435 2685 6.
467 2645 687 2685 incertum
720 2656 782 2685 an
815 2644 1025 2696 ignarae,
1062 2639 1227 2695 terwijl
1257 2644 1310 2694 zii
1343 2638 1699 2695 waarschijnlijk
1723 2637 2045 2685 bewusteloos
2061 2639 2432 2692 waszincertum

305 2715 365 2745 an
395 2702 443 2744 in
474 2699 847 2756 bevestigenden
877 2702 965 2753 zin,
999 2699 1189 2744 evenals
1220 2701 1262 2753 6,
1295 2702 1354 2744 50
1384 2715 1444 2744 en
1479 2700 1637 2752 11,18.
1656 2714 1779 2751 nom,
1798 2696 2431 2755 bevestigtincertum,hier-

306 2775 426 2805 voor
457 2764 504 2804 te
538 2758 727 2804 denken
759 2759 878 2804 b.v.:
912 2775 964 2804 er
994 2775 1092 2804 was
1123 2758 1289 2804 echter
1320 2759 1418 2804 ook
1449 2774 1539 2803 een
1570 2758 1781 2803 anderen
1810 2758 1974 2813 lezing.

369 2821 437 2863 10.
471 2821 549 2863 cui
578 2817 772 2871 addidit,
805 2824 936 2863 vert:
972 2818 1097 2863 doch
1128 2821 1181 2873 zij
1214 2817 1401 2874 voegde
1432 2817 1622 2862 slechts.

369 2880 437 2923 13.
472 2876 682 2930 durante,
730 2878 895 2929 duren,
943 2878 1004 2922 cf.
1055 2880 1123 2930 14,
1165 2879 1250 2922 39:
1285 2877 1484 2923 durante
1515 2876 1657 2922 bello.
1690 2880 1855 2928 tractu,
1886 2876 2124 2933 langzame
2155 2880 2429 2932 voortgang.

309 2936 369 2981 ci.
403 2953 442 2981 c.
478 2939 560 2981 10:
594 2937 720 2982 eludi
752 2937 951 2982 Parthus
983 2943 1137 2982 tractu.
1169 2936 1280 2981 belli
1310 2941 1515 2994 poterat.

370 2998 438 3041 14.
471 2999 702 3100 {miciliae
734 2996 844 3049 tide.
875 3002 1007 3041 vert:
1043 2996 1111 3041 als
1142 3001 1298 3042 trouw
1330 2995 1523 3047 vriend;
1558 2999 1659 3040 arte
1675 2994 1949 3048 medicinae,
1966 2999 2084 3040 vert.
2104 2992 2433 3040 alsbekwaam

308 3063 479 3111 genees
516 3071 610 3100 eer.

371 3117 438 3160 15.
472 3129 709 3165 venenum,
742 3114 803 3158 cf.
835 3112 1008 3159 Plinius
1038 3113 1094 3158 H.
1126 3113 1181 3158 N.
1214 3116 1285 3166 25,
1317 3114 1344 3168 S
1380 3115 1458 3159 151
1482 3131 1491 3158 :
1512 3116 1666 3159 cicuta
1682 3129 1874 3170 quoque
1890 3128 2124 3158 venenum
2141 3109 2434 3170 est.publiea

307 3187 668 3232 Atheniensium
698 3203 856 3244 poena
885 3189 1050 3240 invisa,
1081 3187 1164 3232 het
1197 3186 1278 3232 Gr.
1301 3177 1537 3230 κώνειον.

370 3249 438 3292 15.
469 3246 682 3302 publIceT.
701 3280 712 3291 .
733 3279 742 3291 .
762 3247 950 3297 iudicio,
983 3247 1220 3292 crimineel
1251 3246 1569 3303 gerechtshof,
1601 3245 1807 3291 behoort
1838 3245 1927 3301 bij:
1960 3244 2180 3291 damnati.

370 3308 438 3350 17.
472 3311 615 3359 artus,
663 3322 763 3351 acc.
811 3315 1021 3362 graecus,
1069 3306 1129 3351 cf.
1169 3306 1285 3351 Plin.
1317 3306 1373 3350 H.
1405 3305 1459 3350 N.
1491 3304 1619 3351 ibid:
1653 3308 1819 3350 semini
1849 3311 1897 3350 et
1927 3304 2055 3350 foliis
2085 3304 2433 3360 refrigeratoria

308 3367 401 3417 vis;
434 3368 501 3409 sic
534 3371 582 3409 et
612 3371 779 3417 necat:
812 3368 1043 3422 incipiunt
1074 3366 1230 3421 algere
1262 3364 1322 3410 ab
1355 3365 1729 3410 extremitatibus
1747 3367 1975 3422 corporis,
1994 3364 2054 3409 cf.
2071 3363 2206 3409 Plato
2222 3361 2432 3415 Phaedo,

309 3440 398 3469 aan
429 3424 511 3469 het
543 3424 698 3469 einde.
731 3424 877 3477 cluso,
909 3427 939 3469 i.
956 3441 1002 3481 p.
1019 3441 1063 3469 v.
1098 3425 1274 3477 clauso,
1308 3424 1368 3469 cf.
1402 3423 1559 3469 Germ.
1594 3427 1653 3469 34
1683 3439 1743 3468 en
1774 3426 1845 3469 45.

372 3485 440 3527 18.
471 3488 701 3540 stagnum,
733 3483 834 3528 hier
866 3489 912 3528 te
946 3483 1136 3529 denken
1167 3500 1257 3529 aan
1289 3499 1377 3528 een
1409 3489 1577 3539 groote
1609 3482 1819 3540 badkuip
1852 3482 1903 3528 of
1934 3497 2022 3526 een
2053 3479 2181 3526 klein
2211 3479 2384 3526 bassin.

372 3542 440 3586 19.
472 3541 622 3587 libare
652 3558 716 3595 se,
751 3542 811 3587 cf.
847 3545 915 3595 16,
947 3545 1033 3588 35:
1067 3543 1265 3588 libamus
1295 3545 1447 3599 inquit
1480 3542 1738 3596 (Thrasea),
1769 3541 1870 3588 Iovi
1900 3541 2156 3586 liberatori.

373 3603 441 3646 19.
475 3600 656 3654 balneo,
689 3601 955 3647 stoombad.

2562 111 2574 126 ,ι

2565 128 2574 155 i

2560 156 2574 186 ’ἒ

2566 196 2574 214 Ἰ

2568 261 2574 275 .

2564 287 2574 353 5²ss
