2574 3912
279 182 346 235 10
721 163 727 169 ’
1017 176 1373 243 ‚CORNELII
1409 175 1657 234 TACITI

274 352 411 412 agro
430 339 621 397 hostili
640 346 830 397 castra
848 343 1185 410 positurum.
1210 339 1520 411 Casperius
1542 343 1801 417 centurio
1821 343 1879 396 in
1901 361 2030 396 eam
2048 340 2398 411 legationem

275 436 532 493 delectus
572 435 728 507 apud
751 435 1025 506 oppidum
1043 435 1280 502 Nisibin,
1302 442 1527 507 septem
1545 442 1605 492 et
1622 439 1851 506 triginta
1870 435 2094 492 milibus
2114 457 2392 508 passuum

274 553 310 589 a
345 531 754 603 Tigranocerta
792 531 1118 598 distantem,
1160 531 1280 588 adit
1315 544 1512 603 regem
1534 538 1592 588 et
1611 531 1885 588 mandata
1904 532 2177 589 ferociter
2197 532 2398 590 edidit.

257 627 582 699 --Vologaesi
636 634 803 684 vetus
826 635 836 667 '⁴
860 637 918 684 et
955 630 1183 698 penitus
1220 627 1460 684 infixum
1499 634 1626 684 erat
1661 648 1819 684 arma
1857 627 2119 684 Romana
2156 628 2399 695 vitandi,

228 738 251 772 ⁵
275 744 385 780 nec
422 726 757 795 praesentia
792 743 1071 794 prospere
1108 722 1380 780 fluebant.
1420 726 1650 779 inritum
1690 721 1989 789 obsidium,
2029 730 2187 780 tutus
2227 743 2400 780 manu

275 825 334 876 et
372 822 551 890 copiis
589 817 878 891 TigraneS,
919 819 1114 889 fugati,
1155 823 1252 889 qui
1273 822 1756 890 expugnationem
1779 826 2162 890 sumpserant,
2187 821 2401 876 missae

271 920 332 973 in
368 915 700 972 Armeniam
737 915 1010 986 legiones,
1053 921 1110 971 et
1150 916 1297 972 aliae
1335 935 1442 986 pro
1484 914 1650 972 Suria
1687 923 1930 987 paratae
1988 915 2139 972 ultro
2198 918 2403 972 irrum-

272 1032 443 1083 pere:
503 1011 614 1068 sibi
668 1011 994 1068 inbecillum
1050 1014 1303 1082 equitem
1360 1011 1555 1082 pabuli
1611 1014 1840 1082 inopia;
1899 1032 2034 1067 nam
2066 1018 2272 1068 exorta
2306 1014 2393 1068 vis

272 1108 624 1165 locustarum
668 1107 1022 1173 ambederat,
1065 1107 1336 1178 quicquid
1373 1106 1675 1164 herbidum
1714 1114 1813 1164 aut
1852 1107 2204 1164 frondosum.
2224 1110 2399 1178 igitur

209 1225 251 1259 ιο
273 1211 431 1261 metu
488 1203 754 1261 abstruso
811 1207 1036 1260 mitiora
1094 1202 1436 1270 obtendenS,
1495 1207 1797 1260 missurum
1854 1203 1930 1261 ad
1985 1207 2394 1274 imperatorem

271 1300 592 1357 Romanum
647 1299 868 1371 legatos
926 1321 1099 1371 super
1155 1299 1411 1371 petenda
1463 1300 1741 1357 Armenia
1799 1307 1858 1356 et
1911 1298 2194 1356 firmanda
2246 1319 2394 1370 pace

272 1395 618 1468 respondet;
672 1395 997 1453 Monaesen
1052 1399 1317 1453 omittere
1355 1395 1820 1468 Tigranocertam
1854 1396 2029 1462 iubet,
2070 1399 2195 1466 ipse
2234 1400 2391 1452 retro

276 1492 560 1549 concedit.

904 1654 1003 1711 VI.
1076 1653 1476 1712 Caesennius
1514 1655 1767 1712 Paetus.

346 1815 435 1873 VI.
504 1815 666 1874 Haec
702 1816 896 1887 plures
937 1824 999 1874 ut
1038 1817 1340 1874 formidine
1361 1821 1512 1888 regis
1535 1824 1593 1874 et
1615 1816 1960 1874 Corbulonis
1981 1819 2146 1874 minis
2167 1823 2400 1888 patrata

210 1936 251 1969 15
275 1933 342 1969 ac
381 1913 684 1984 magnifica
721 1913 1092 1970 extollebant.
1133 1914 1228 1970 alii
1266 1914 1486 1971 occulte
1525 1916 1814 1985 pepigisse
1853 1913 2396 1984 interpretabantur,

273 2016 337 2066 ut
359 2013 571 2066 omisso
591 2013 877 2080 utrimque
903 2009 1059 2066 bello
1101 2016 1159 2066 et
1199 2009 1451 2067 abeunte
1489 2009 1815 2081 Vologaese
1855 2009 2128 2080 Tigranes
2169 2029 2402 2081 quoque

368 2276 406 2378 ἶ.
451 2272 740 2347 'Casperium
783 2274 899 2320 deze
931 2275 1090 2321 wordt
1122 2275 1220 2322 ook
1250 2274 1483 2333 genoemd
1512 2275 1592 2320 lib.
1627 2278 1695 2330 12,
1727 2278 1799 2329 45,
1831 2291 1960 2320 waar
1996 2274 2054 2332 hij
2097 2277 2147 2320 in
2178 2273 2404 2320 Gorneae

278 2350 367 2380 cen
392 2350 496 2380 urio
528 2349 580 2378 is.

277 2462 305 2511 g
335 2396 407 2498 h2.
428 2458 446 2497 t
466 2391 669 2448 Nisibin,
715 2410 806 2439 een
851 2393 958 2439 stad
998 2396 1047 2440 in
1086 2393 1449 2452 Mesopotamie,
1482 2392 1842 2451 tegenwoordig
1873 2392 2055 2439 Nisibin
2088 2392 2140 2439 of
2169 2391 2404 2438 Nessabin

307 2470 333 2499 e
369 2469 425 2498 ee
450 2469 524 2497 en.

365 2515 407 2558 3.
471 2510 617 2556 edidit
644 2536 703 2543 —
733 2512 1013 2558 volvoeren.

365 2575 407 2616 4.
472 2570 661 2623 vitandi,
693 2571 753 2616 cf.
788 2574 857 2626 13,
889 2575 974 2616 26:
1007 2587 1094 2616 nec
1123 2583 1282 2629 grave.
1301 2605 1310 2616 .
1331 2605 1341 2616 .
1361 2604 1371 2616 .
1405 2570 1658 2623 retinendi:
1689 2587 1797 2616 men
1813 2569 2058 2617 verwacht
2084 2570 2129 2616 h.
2146 2569 2176 2615 l.
2194 2568 2288 2615 den
2303 2570 2403 2624 inf..

276 2648 385 2736 metti
414 2636 544 2676 moet
560 2631 844 2734 ectxtterdeen
875 2631 1022 2677 subst.
1054 2631 1303 2678 aanvullen
1321 2650 1330 2677 ε
1350 2631 1441 2678 b.v.
1459 2636 1597 2677 vetus
1643 2636 1691 2676 et
1705 2633 1893 2688 penitus
1910 2630 2106 2676 infixum
2123 2629 2403 2684 (consilium)

277 2707 358 2737 era
411 2706 717 2735 ....v1an
754 2707 781 2735 1.

365 2753 407 2795 5.
468 2765 693 2806 prospere
723 2747 945 2803 fluebant,
980 2750 1039 2795 cf.
1071 2749 1189 2795 Dial.
1221 2752 1277 2795 5:
1310 2749 1453 2795 rebus
1483 2766 1712 2807 prospere
1742 2747 2016 2802 fluentibus,
2050 2746 2147 2793 Cic.
2195 2747 2255 2794 de
2304 2746 2402 2794 Off.

280 2812 320 2862 1,
366 2812 453 2854 90:
501 2811 549 2854 in
594 2809 735 2855 rebus
780 2812 1022 2866 prosperis
1070 2815 1117 2854 et
1164 2809 1224 2854 ad
1271 2810 1563 2855 voluntatem
1619 2814 1829 2854 nostram
1886 2808 2157 2854 fluentibus.
2215 2810 2404 2853 inritum

279 2868 511 2914 obsidium
544 2901 731 2923 .....
762 2869 1029 2925 gedachten
1058 2885 1150 2914 van
1182 2869 1486 2926 Vologaeses,
1518 2874 1566 2913 in
1597 2868 1690 2914 den
1720 2884 1846 2913 nom.
1879 2868 1999 2925 gepl.
2034 2866 2225 2912 evenals
2259 2869 2368 2919 1,41
2393 2883 2403 2912 ε

277 2945 416 2975 socer
447 2927 626 2974 Drusus
644 2961 653 2972 .
675 2961 684 2972 .
704 2960 714 2972 .
733 2962 742 2972 .
774 2928 953 2974 infans.
972 2962 982 2972 .
1003 2961 1012 2973 .
1044 2930 1091 2974 in
1111 2929 1426 2975 contubernio
1443 2928 1681 2985 legionum
1697 2927 1911 2973 eductus.
1928 2943 2069 2973 manu
2094 2942 2133 2956 =
2165 2925 2403 2973 militibus.

278 2991 429 3045 copiis
467 3002 506 3015 =
546 2994 827 3033 commeatu.

366 3050 408 3092 6.
470 3053 779 3103 sumpserant,
811 3063 920 3092 men
949 3046 1220 3093 verwacht:
1255 3051 1578 3104 susceperant.

365 3110 406 3151 7.
468 3106 673 3163 legiones
710 3112 753 3151 et
783 3106 921 3159 aliae,
954 3109 983 3150 i.
1000 3122 1045 3162 p.
1062 3122 1135 3150 v.:
1169 3107 1289 3152 aliae
1320 3108 1558 3164 legiones.
1593 3138 1602 3150 .
1637 3139 1646 3150 .
1680 3137 1690 3149 .
1724 3105 1859 3159 aliae,
1893 3105 1952 3150 cf.
1986 3121 2025 3150 c.
2061 3105 2300 3162 13zpars.
2327 3135 2337 3147 .
2362 3135 2372 3148 .
2394 3134 2404 3148 .

279 3171 328 3210 et
360 3165 452 3211 alii.
484 3182 571 3222 pro
611 3182 649 3196 =
689 3182 778 3211 aan
811 3166 869 3211 de
902 3174 1039 3222 grens
1071 3182 1178 3210 van.

366 3227 408 3268 8.
471 3225 561 3269 sibi
590 3224 878 3278 imbecillum,
913 3233 1152 3281 overgang
1184 3230 1256 3270 tot
1289 3224 1347 3270 de
1381 3226 1535 3270 oratio
1569 3223 1776 3281 obliqua.

367 3286 408 3328 9.
472 3284 758 3337 ambederat,
791 3301 880 3330 een
913 3285 1022 3337 oud,
1055 3284 1293 3329 zeldzaam
1324 3283 1658 3330 voorkomend
1689 3281 1900 3335 verbum,
1935 3282 1995 3327 cf.
2027 3280 2164 3337 Verg.
2196 3283 2239 3334 3,
2271 3282 2402 3325 257:

280 3342 496 3388 ambesas
527 3344 711 3400 subigat
742 3345 874 3389 malis
907 3345 1154 3389 absumere
1186 3360 1384 3388 mensas.

343 3406 411 3447 10.
476 3402 709 3455 abstruso,
744 3404 803 3448 cf.
837 3407 879 3457 3,
913 3407 967 3450 6:
1002 3410 1081 3449 ut.
1102 3437 1111 3448 .
1131 3437 1140 3447 .
1161 3436 1170 3447 .
1203 3403 1516 3449 abstruserint
1550 3403 1799 3447 tristitiam.

343 3464 411 3506 11.
473 3477 616 3517 super
655 3478 693 3491 =
736 3462 810 3507 de.

340 3520 415 3565 VI.
481 3524 549 3566 14.
581 3520 758 3577 plures,
791 3522 850 3566 de
882 3527 1102 3566 meesten.

343 3582 411 3624 16.
478 3580 701 3636 Tigranes
734 3614 743 3624 .
777 3613 789 3624 .
823 3613 832 3624 .
868 3614 876 3623 .
911 3580 1198 3632 abscederet,
1231 3581 1455 3636 Tigranes
1487 3579 1631 3635 kreeg
1663 3578 1743 3623 het
1774 3575 2099 3632 koningschap
2130 3577 2229 3620 niet
2273 3589 2403 3619 meer

281 3642 442 3695 terug;
477 3639 791 3696 Vespasianus
808 3640 886 3696 gaf
903 3640 1021 3685 later
1052 3656 1140 3685 aan
1171 3643 1258 3696 zijn
1289 3656 1414 3685 zoon
1445 3638 1720 3683 Alexander
1751 3653 1840 3683 een
1872 3635 1998 3681 klein
2029 3634 2116 3692 rijk
2145 3637 2193 3680 in
2226 3633 2404 3679 Cilici'e'.
