2574 3912
312 154 384 207 32
1062 152 1407 211 CORNELII
1443 155 1691 213 TACITI

310 317 503 386 potius
541 323 601 371 et
655 314 924 372 secundis
962 315 1286 373 numinibus
1326 319 1546 374 evenit:
1585 339 1720 375 nam
1756 331 2009 390 egresSO,
2052 323 2149 392 qui
2187 321 2436 382 affuerat

309 411 527 482 populo
566 431 812 467 vacuum
851 418 910 468 et
948 415 1071 468 sine
1109 412 1277 469 ullius
1314 433 1469 469 noxa
1506 413 1790 471 theatrum
1829 415 2146 487 collapsum
2169 424 2272 475 est.
2295 432 2433 491 ergo

308 528 415 578 per
471 510 804 578 conpositos
863 515 1066 564 cantus
1127 515 1317 579 grates
1378 508 1465 565 dis
1525 516 1699 581 atque
1755 513 1940 581 ipsam
1977 516 2226 571 recentis
2264 535 2433 573 casus

307 606 597 661 fortunam
654 603 955 660 celebrans
1012 607 1412 675 petiturusque
1462 609 1634 662 maris
1673 605 1925 664 Hadriae
1966 609 2240 667 traiectus
2279 611 2435 682 apud

263 709 285 742 ⁵
309 700 708 757 Beneventum
746 703 974 757 interim
1012 700 1294 761 consedit,
1326 700 1426 757 ubi
1464 701 1861 771 gladiatorium
1898 724 2104 760 munus
2144 727 2178 762 a
2203 704 2432 764 Vatinio

308 796 537 853 celebre
577 787 1172 876 edebatur7Natinius
1207 799 1356 853 inter
1376 796 1710 854 foedissima
1729 802 1850 855 eius
1873 799 2038 856 aulae
2061 807 2291 859 ostenta
2309 801 2432 870 fuit,

308 895 560 949 sutrinae
604 891 885 948 tabernae
926 891 1202 958 alumnuS,
1244 913 1501 964 corporev
1527 893 1774 960 detort0,
1813 895 2035 952 facetiis
2069 897 2431 964 scurrilibus;

306 992 491 1059 primo
549 991 607 1044 in
647 988 1022 1045 contumelias
1063 995 1406 1059 assumptm,
1449 988 1656 1046 dehinc
1694 991 1892 1061 optimi
1934 995 2210 1064 cuiusque
2250 997 2432 1052 crimi-

306 1088 541 1142 natione
580 1105 653 1140 eo
692 1105 878 1155 usque
915 1083 1108 1145 valuit,
1149 1091 1212 1141 ut
1243 1088 1425 1155 gratia
1444 1089 1691 1156 pecunia
1711 1090 1767 1142 vi
1786 1088 2036 1144 nocendi
2055 1064 2432 1162 {etiamimalflfi

2051 1166 2090 1194 iffi*
2212 1173 2246 1188 '¹'-
2360 1194 2459 1214 ,Ἔνθ’-,φ’
2477 1176 2488 1201 ς’

242 1210 282 1243 10
304 1184 705 1252 praemineret.
2301 1194 2352 1234 Μ
2375 1208 2380 1216 ·

238 1859 278 1892 15

763 1312 1010 1370 XXXV.
1086 1313 1445 1386 Torquatus
1483 1313 1756 1371 Silanus’
1798 1313 1983 1373 dood.

376 1452 596 1510 XXXV.
653 1452 790 1510 Eius
847 1473 1052 1510 munus
1111 1453 1502 1524 frequentanti
1551 1454 1769 1511 Neroni
1805 1476 1879 1510 ne
1918 1461 2067 1512 inter
2104 1456 2431 1528 voluptates

304 1549 536 1620 quidem
559 1570 593 1605 a
613 1548 925 1605 sceleribus
946 1549 1299 1606 cessabatur.
1321 1549 1507 1606 isdem
1528 1553 1738 1621 quippe
1760 1550 1864 1607 illis
1886 1550 2089 1608 diebus
2108 1550 2431 1624 Torquatus

305 1644 531 1702 Silanus
586 1649 733 1702 mori
791 1646 1049 1717 adigitur,
1109 1649 1243 1716 quia
1302 1634 1477 1717 super
1514 1646 1708 1703 Iuniae
1749 1646 1995 1703 familiae
2036 1633 2432 1707 claritudinem

303 1741 498 1798 divum
536 1740 860 1812 Augustum
899 1741 1148 1798 abavum
1187 1741 1430 1798 ferebat.
1470 1745 1608 1798 iussi
1649 1749 2017 1800 accusatores
2042 1743 2275 1801 obicere
2295 1765 2430 1817 pro-

303 1837 492 1908 digum
530 1838 940 1908 largitionibuS,
981 1859 1173 1909 neque
1214 1838 1383 1894 aliam
1422 1859 1585 1909 spem
1615 1859 1786 1910 quam
1806 1842 1864 1894 in
1883 1838 2059 1895 rebus
2079 1843 2244 1896 novis
2266 1861 2428 1907 esse;

302 1937 438 2004 quin
475 1937 623 1990 inter
661 1933 897 1990 libertos
932 1933 1166 1999 habere,
1190 1954 1334 2004 quos
1357 1933 1432 1991 ab
1453 1935 1711 2005 epistulis
1733 1941 1790 1991 et
1810 1933 2012 1991 libellis
2035 1942 2094 1992 et
2112 1935 2430 1995 rationibus

302 2029 568 2100 appellet,
627 2033 879 2106 nomina⁸
918 2050 1174 2086 summae
1233 2050 1405 2086 curae
1464 2037 1523 2086 et
1573 2030 2001 2087 meditamenta.
2041 2038 2161 2088 tum
2199 2035 2428 2090 intimus

391 2202 432 2244 2.
478 2198 707 2244 theatrum
754 2197 1014 2255 collapsum
1061 2203 1144 2244 esi.
1192 2199 1253 2244 cf.
1301 2198 1562 2244 SuetNero
1595 2202 1682 2244 20:
1715 2204 1762 2244 et
1793 2199 1955 2255 prodit
1984 2199 2186 2257 Neapoli
2215 2203 2428 2256 primum,

303 2274 359 2304 ac
389 2275 450 2303 ne
481 2275 715 2304 concusso
748 2259 938 2316 quidem
967 2264 1166 2315 repente
1197 2263 1331 2304 motu
1362 2264 1517 2304 terrae
1550 2258 1737 2304 theatro
1758 2264 1866 2304 ante
1884 2264 2076 2304 cantare
2093 2258 2274 2305 destitit
2289 2275 2428 2317 quam

300 2318 574 2364 inchoatum
604 2319 875 2364 absolveret
903 2333 1096 2364 nomon.

389 2380 430 2423 3.
450 2381 734 2434 compositos
745 2377 915 2423 :bene
932 2379 1235 2433 compositos,
1254 2382 1378 2423 staat
1393 2376 1470 2422 h.l.
1488 2381 1746 2433 tegenover
1761 2375 2188 2435 geimproviseerde
2202 2377 2426 2423 liederen.

300 2442 462 2494 grates
481 2471 490 2482 .
510 2470 519 2480 .
540 2471 549 2481 .
582 2436 840 2490 celebrans,
875 2438 932 2494 bij
965 2442 1121 2493 grates
1154 2453 1242 2482 een
1275 2436 1449 2493 daarbij
1482 2436 1682 2494 passend
1713 2439 1879 2493 partie.
1912 2452 2002 2482 aan
2034 2442 2081 2482 te
2111 2435 2296 2482 vullenl

390 2500 432 2542 4.
477 2500 624 2542 maris
667 2496 884 2542 Hadriae
929 2499 1150 2541 traiectus
1205 2513 1243 2526 =
1296 2495 1608 2549 Brundisium,
1639 2494 1855 2540 Hadriae
1885 2497 1914 2540 i.
1945 2513 1991 2553 p.
2023 2513 2067 2541 v.
2099 2494 2358 2543 Hadriatici
2388 2499 2426 2541 is

300 2556 522 2671 Egigscg
548 2555 676 2660 gtgbr.
707 2556 1036 2609 Beneventum,
1069 2558 1116 2601 in
1147 2554 1384 2602 Samnium
1415 2555 1622 2612 gelegen,
1646 2554 1706 2600 de
1737 2554 2076 2612 geboortestad
2091 2571 2184 2610 van
2199 2554 2427 2602 Vatinius.

390 2678 431 2719 6.
465 2679 648 2720 ostenta
687 2690 725 2703 =
764 2679 988 2719 monstra.
1774 2727 1781 2735 ¹

390 2738 431 2779 7.
478 2737 687 2779 sutrinae
733 2733 957 2779 tabernae
1005 2732 1235 2785 alumnus,
1281 2733 1329 2778 cf
1374 2731 1601 2778 Martialis
1651 2734 1717 2784 14,
1750 2734 1835 2777 96:
1869 2732 1998 2778 Vilia
2027 2734 2200 2779 sutoris
2233 2732 2426 2778 calicem

300 2798 604 2840 monumenta
648 2793 805 2839 Vatini
836 2793 1034 2850 Accipe,
1067 2792 1152 2838 sed
1181 2808 1324 2838 nasus
1354 2792 1538 2849 longior
1568 2791 1645 2837 ille
1677 2791 1763 2838 fuit
1794 2807 1854 2836 en
1886 2790 2130 2837 Juvenalis
2160 2795 2202 2845 5,
2234 2794 2318 2845 463
2353 2791 2426 2838 Tu

302 2852 625 2898 Beneventani
656 2855 829 2900 sutoris
859 2868 1034 2898 nomen
1066 2851 1317 2898 habentem
1351 2850 1562 2897 Siccabis
1596 2850 1790 2896 calicem
1822 2867 2045 2897 nasorum
2078 2857 2318 2908 quattuor.

389 2916 430 2957 7.
461 2912 645 2958 facetiis
676 2911 967 2965 scurrilibuS,
996 2911 1088 2956 abl.
1121 2913 1244 2968 qual.

389 2974 431 3016 8.
465 2976 510 3016 in
544 2970 867 3024 contumelias,
901 2971 959 3026 hij
994 2971 1126 3016 werd
1160 2971 1226 3016 als
1258 2970 1430 3015 hosnar
1463 2969 1693 3026 gebruikt.

389 3034 431 3076 9.
467 3031 623 3082 valuit,
657 3031 716 3075 ct.
748 3047 870 3075 voor
899 3034 985 3086 zijn
1017 3030 1174 3075 macht
1204 3038 1317 3085 nog:
1351 3028 1471 3075 Dial.
1503 3028 1565 3074 II:
1599 3044 1705 3074 cum
1738 3028 1905 3085 (inquit
1936 3026 2423 3081 MaternusJinNero-

301 3093 402 3135 neis
432 3091 695 3146 improbam
712 3096 760 3135 et
776 3090 1040 3135 studiorum
1058 3106 1248 3147 quoque
1265 3104 1400 3134 sacra
1415 3088 1748 3145 profanantem
1765 3088 1940 3133 Vatinii
1956 3089 2217 3145 potentiam
2234 3085 2364 3142 fregi.
2383 3118 2392 3129 .
2412 3117 2422 3130 .

361 3149 537 3196 XXXV.
573 3153 641 3195 12.
680 3149 940 3206 Torquatus
984 3147 1192 3201 Silanus,
1236 3148 1351 3193 deze
1382 3164 1480 3192 was
1522 3150 1568 3191 in
1600 3149 1658 3192 53
1691 3146 1870 3200 consul,
1904 3147 1964 3192 cf.
2000 3150 2068 3198 12,
2100 3148 2171 3198 58.
2202 3160 2332 3190 waar
2361 3144 2420 3201 hij

302 3208 467 3254 Didius
499 3209 666 3255 Junius
697 3208 854 3254 wordt
886 3209 1131 3265 genoemd.
1195 3206 1357 3252 Iuniae
1388 3205 1610 3258 familiae,
1643 3206 1783 3260 Julia.
1816 3206 1877 3251 de
1909 3205 2111 3252 dochter
2129 3219 2221 3250 van
2237 3203 2423 3261 Augus-

302 3273 390 3316 tus.
422 3285 521 3314 was
554 3270 612 3314 de
646 3268 1100 3325 overgrootmoeder
1130 3283 1223 3312 van
1256 3265 1455 3312 Silanus.

364 3330 431 3371 13.
465 3327 787 3373 claritudinem
818 3354 877 3361 —-
908 3327 1029 3372 adel.
1063 3326 1258 3371 ferebat.
1289 3330 1415 3370 vert:
1449 3325 1547 3370 kon
1579 3327 1847 3379 aanwijzen.

363 3389 430 3431 16.
463 3386 638 3432 habere
685 3403 816 3443 quos,
865 3386 924 3431 cf.
976 3389 1044 3438 16.
1077 3389 1127 3430 8:
1161 3388 1313 3442 ipsum
1345 3384 1515 3429 dehinc
1548 3383 1755 3429 Silanum
1787 3384 2021 3438 increpuit
2053 3380 2216 3433 isdem,
2250 3380 2420 3437 quibus

228 3481 233 3488 .
300 3452 519 3502 patruum
551 3450 649 3492 eius
683 3446 984 3502 Torquatum.
1019 3451 1241 3502 tanquam
1273 3443 1546 3509 disponeret
1575 3446 1665 3488 iam
1697 3444 1877 3499 imperii
1895 3457 2030 3487 curas
2046 3438 2423 3497 praeficeretque

302 3505 564 3551 rationibus
596 3512 645 3550 et
675 3506 844 3550 libellis
876 3510 923 3549 et
955 3506 1167 3561 epistulis
1197 3503 1410 3548 libertos.

364 3567 431 3608 17.
463 3580 672 3609 summae
727 3588 764 3601 =
816 3566 1164 3621 imperatoriae.
1210 3562 1538 3608 meditamenta
1585 3588 1643 3595 -
1682 3560 2068 3617 praeparationes
2099 3558 2282 3615 imperii
2313 3572 2422 3602 mox

304 3623 563 3669 obtinendi.

2460 1171 2539 1213 ,κῶ
