2574 3912
231 171 266 223 8
980 120 1325 225 CORNELII
1361 166 1608 225 TACITI

234 350 410 386 causa
463 350 636 400 quam
675 332 845 386 armis
884 333 1135 387 retinere
1173 335 1341 401 parta
1378 330 1689 388 maioribus
1727 330 2055 388 malueram.
2097 335 2146 388 si
2184 352 2351 390 cunc-

232 429 453 482 tatione
487 426 715 496 deliqui,
748 429 959 482 virtute
991 429 1287 498 corrigam.
1319 433 1515 484 vestra
1544 427 1775 498 quidem
1812 430 1900 484 vis
1940 434 1998 484 et
2036 427 2217 499 gloria
2252 431 2353 494 (in)

237 525 457 592 integro
499 528 603 587 est,
645 522 843 578 addita
861 522 1184 579 modestiae
1205 522 1375 589 fama,
1401 543 1551 594 quae
1571 543 1762 594 neque
1783 527 2015 580 summis
2035 523 2354 581 mortalium

239 617 566 689 spernenda
588 625 675 674 est
696 624 754 674 et
775 638 810 673 a
833 618 920 674 dis
942 618 1312 675 aestimatur.'
1336 618 1501 675 simul
1533 618 1860 676 diademate
1890 625 2064 690 caput
2092 617 2355 677 Tiridatis

188 742 209 775 5
241 716 470 779 evinxit,
510 720 836 784 promptam
872 718 1126 784 equitum
1157 735 1404 780 manum,
1430 735 1580 786 quae
1601 727 1794 786 regem
1815 736 1889 771 ex
1907 735 2067 771 more
2088 721 2353 783 sectatur,

237 809 520 875 Monaesi,
542 810 720 866 nobili
741 813 883 876 viro,
916 810 1171 876 tradidit,
1193 809 1432 867 adiectis
1453 810 1887 893 Adiabenorum
1926 804 2158 878 auxiliis,
2199 819 2355 869 man-

236 905 510 976 davitque
548 906 833 976 Tigranen
871 906 1150 963 Armenia
1190 906 1518 973 exturbare,
1558 907 1694 964 dum
1715 911 1839 978 ipse
1859 911 2060 979 positis
2082 908 2356 965 adversus

234 1002 537 1071 Hyrcanos
572 1002 872 1059 discordiis
904 1007 1056 1059 vires
1089 1006 1317 1059 intimas
1350 1002 1674 1074 molemque
1710 1003 1846 1061 belli
1884 1007 2012 1070 ciet,
2051 1007 2358 1075 provinciis

230 1098 502 1156 Romanis
541 1102 823 1156 minitans,

303 1304 405 1363 111.
481 1305 763 1364 Corbulo
802 1263 1018 1364 neemt
1055 1305 1494 1379 maatregelen
1531 1307 1713 1380 Syrie
1749 1313 1814 1365 te
1852 1305 2291 1365 beschemen.

174 1479 249 1552 1ο(
310 1497 393 1554 III.
473 1497 637 1563 Quae
693 1498 793 1555 ubi
851 1497 1165 1555 Corbuloni
1216 1502 1386 1555 certis
1431 1502 1643 1556 nuntiis
1684 1499 1881 1556 audita
1920 1505 2067 1565 sunt,
2107 1499 2359 1571 legiones

242 1593 385 1650 duas
433 1614 562 1649 cum
598 1594 892 1651 Verulano
934 1594 1153 1652 Severo
1195 1601 1254 1651 et
1292 1595 1486 1652 Vettio
1527 1594 1750 1651 Bolano
1791 1594 2105 1652 subsidium
2140 1583 2362 1671 Tigrani

236 1693 422 1757 mittit,
480 1690 705 1747 occulto
763 1698 1098 1762 praeceptO,
1141 1695 1514 1762 compositius
1554 1699 1759 1748 cuncta
1800 1713 1970 1762 quam
2003 1676 2362 1775 festinantitls

239 1792 502 1857 agerent:
529 1790 743 1858 quippe
768 1786 981 1843 bellum
1000 1786 1216 1843 habere
1242 1808 1415 1858 quam
1435 1799 1634 1858 gerere
1655 1787 1922 1854 malebat,
1946 1791 2361 1860 scripseratque

240 1882 478 1939 Caesari
531 1887 767 1954 proprio
827 1883 975 1940 duce
1036 1905 1181 1954 opus
1239 1904 1387 1950 esse,
1451 1887 1548 1954 qui
1605 1883 1941 1940 Armeniam
1995 1883 2359 1944 defenderet:

181 2008 223 2041 15
248 1977 470 2048 Syriam
508 1983 806 2050 ingruente
845 1979 1171 2051 Vologaese
1214 1983 1432 2035 acriore
1488 1983 1546 2036 in
1605 1980 1929 2037 discrimine
1987 2002 2132 2037 esse.
2194 1987 2361 2054 atque

242 2079 469 2132 interim
507 2075 758 2146 reliquas
790 2076 1045 2146 legiones
1082 2096 1188 2146 pro
1229 2078 1354 2146 ripa
1392 2074 1698 2147 Euphratis
1736 2075 1904 2142 locat,
1944 2067 2363 2135 tumultuariam

240 2172 675 2242 provincialium
713 2193 943 2228 manum
984 2179 1183 2238 armat,
1224 2172 1461 2228 hostiles
1505 2176 1792 2243 ingressus
1838 2173 2138 2243 praesidiis
2194 2176 2363 2230 inter-

243 2270 392 2338 cipit.
436 2275 494 2324 et
529 2271 661 2338 quia
705 2280 888 2339 egena
928 2288 1207 2338 aquarum
1243 2271 1400 2339 regio
1430 2275 1533 2334 est,
1557 2268 1792 2326 castella
1811 2268 2361 2340 {ontibusinpositaz

243 2364 524 2434 quosdam
562 2369 716 2421 rivos
758 2371 1036 2435 congestu
1071 2364 1325 2421 harenae
1366 2364 1603 2421 abdidit.

2355 2419 2398 2441 m!

332 2564 370 2608 1.
434 2578 594 2617 causa,
627 2569 723 2608 met
753 2563 837 2609 het
866 2563 1018 2618 recht,
1049 2580 1138 2609 aan
1171 2563 1230 2609 de
1262 2563 1381 2609 zaak
1411 2563 1704 2609 verbonden.
1748 2564 1808 2609 cf.
1844 2565 1913 2618 13,
1960 2566 2046 2610 37:
2095 2566 2175 2621 qui
2227 2578 2366 2611 causa

243 2639 382 2679 quam
413 2626 459 2668 vi
491 2632 628 2679 agere
659 2628 864 2674 mallent.

334 2686 372 2727 1.
434 2682 691 2728 malueram
730 2705 769 2718 =
807 2683 856 2727 ik
887 2699 978 2727 zou
1007 2681 1181 2738 gewild
1211 2680 1416 2736 hebben,
1450 2682 1510 2728 cf.
1543 2681 1640 2728 Cic.
1673 2681 1734 2727 ad
1765 2682 1867 2728 Att.
1895 2685 1936 2736 2,
1966 2683 2110 2736 19,3:
2149 2682 2366 2740 equidem

242 2740 496 2787 malueram
530 2774 539 2786 .
575 2775 585 2786 .
619 2775 628 2786 .
663 2776 672 2787 .
722 2742 909 2788 silentio
957 2744 1146 2787 transiri
1196 2758 1256 2787 en
1303 2741 1364 2787 ad
1410 2741 1536 2786 Fam.
1584 2745 1611 2787 7
1658 2745 1699 2792 3,
1746 2745 1802 2788 6:
1850 2742 1970 2787 haec
2012 2748 2168 2787 tecum
2210 2755 2367 2789 coram

243 2802 524 2853 malueram;
560 2801 880 2859 daarentegen
913 2801 1042 2847 Suet.
1075 2801 1219 2858 Vesp.
1250 2803 1305 2846 8:
1339 2802 1605 2847 maluissem
1637 2801 1795 2847 allium
1828 2801 2106 2847 oboluisses.

331 2863 373 2905 4.
437 2864 724 2915 aestimatur,
757 2864 805 2907 in
820 2860 1048 2918 rekening
1064 2860 1494 2917 brengen.ev1‘nxit,
1528 2862 1588 2906 cf.
1606 2860 1743 2918 Verg.
1760 2862 1882 2907 Aen.
1900 2864 1942 2915 5,
1960 2862 2196 2918 774zipse
2227 2865 2368 2918 caput

243 2924 410 2965 tonsae
441 2919 565 2965 foliis
597 2925 811 2968 evinctus
843 2920 1011 2967 olivae.

332 2981 374 3023 5.
435 2985 712 3036 promptam,
745 2979 1052 3036 slagvaardig.

333 3041 374 3083 8.
436 3039 602 3084 molem
634 3038 757 3094 belli,
791 3041 850 3086 cf.
883 3040 1000 3085 Hist.
1033 3042 1073 3093 3,
1110 3040 1162 3083 1:
1196 3054 1282 3095 per
1329 3054 1446 3095 quas
1494 3039 1796 3096 (provincias)
1844 3039 1974 3085 velut
2020 3037 2212 3084 alterius
2259 3035 2368 3083 belli

245 3098 414 3143 molem
449 3102 610 3143 cieret.

305 3156 378 3202 111.
414 3161 482 3202 11.
537 3157 768 3203 Verulano
814 3157 1004 3208 Severo,
1048 3157 1107 3202 cf.
1144 3159 1213 3208 14.
1246 3159 1330 3209 26;
1365 3157 1485 3202 later
1516 3157 1648 3203 werd
1679 3157 1736 3214 hij
1772 3157 1951 3203 consul.
1989 3155 2136 3201 Vettio
2168 3154 2367 3209 Bolano,

245 3215 429 3262 Vettius
463 3217 671 3263 Bolanus
703 3218 835 3263 werd
868 3233 1106 3262 eveneens
1137 3217 1256 3261 later
1289 3217 1480 3269 consul;
1515 3219 1562 3261 in
1594 3220 1654 3263 69
1685 3234 1743 3262 en
1775 3221 1833 3262 70
1862 3232 1961 3261 was
1991 3216 2049 3273 hij
2078 3214 2368 3261 stadhouder

245 3290 335 3320 van
370 3276 625 3330 Britannie,
659 3284 739 3321 ten
771 3277 914 3322 slotte
946 3276 1206 3333 proconsul
1239 3292 1355 3320 over
1386 3277 1517 3322 Asia.

310 3338 377 3379 12.
440 3340 757 3392 compositius,
789 3353 918 3381 meet·
949 3335 1191 3391 bezadigd.

309 3397 375 3439 13.
439 3394 612 3440 habere
661 3411 801 3452 quam
845 3407 1023 3452 gerere,
1073 3395 1132 3441 cf.
1178 3393 1295 3438 Hist.
1343 3397 1387 3448 4,
1434 3397 1518 3439 34:
1569 3399 1794 3451 corrupta
1835 3395 2012 3439 totiens
2042 3394 2243 3438 victoria
2270 3407 2368 3438 non

247 3453 367 3509 falso
398 3462 644 3510 suspectus
677 3455 848 3500 bellum
880 3456 1031 3500 malle.

311 3516 377 3557 16.
440 3516 659 3569 reliquas,
693 3515 762 3559 dit
792 3531 954 3559 waren
986 3531 1037 3558 er
1072 3516 1112 3558 3.
1145 3529 1246 3569 ρνο,
1280 3529 1492 3558 vooraan
1525 3529 1601 3569 op.

308 3575 375 3616 16.
438 3573 784 3618 tumultuariam
816 3572 1172 3630 provincialium
1203 3588 1390 3617 manum
1431 3588 1469 3601 =
1508 3572 1568 3616 de
1599 3570 1873 3617 landstorm.

311 3632 378 3676 17.
440 3631 633 3677 hostiles
663 3636 901 3689 ingressus
941 3648 979 3661 =
1018 3632 1181 3677 hostes
1210 3631 1544 3688 ingredientes.
