2574 3912
540 175 643 232 AB
681 172 1020 232 EXCESSU
1057 171 1207 228 DIVI
1243 169 1577 228 AUGUSTI
1613 169 1730 226 XV.
2157 172 2228 224 29

19 357 29 379 ³
88 329 219 397 'rex
253 342 410 411 prior
449 358 600 408 equo
642 334 890 400 desiluit;
912 354 1022 390 nec
1042 339 1340 390 cunctatus
1364 331 1635 397 Corbu10,
1658 330 1763 388 sed
1782 330 1966 401 pedes
1985 336 2229 400 uterque

117 435 386 493 dexteras
424 437 724 490 miscuere.

259 559 479 617 XXIX.
517 555 834 615 Tiridates
871 554 1002 628 legt
1039 553 1169 611 den
1203 551 1504 610 diadeem
1540 570 1697 608 voor
1734 550 1845 608 het
1880 549 2076 608 beeld

907 677 1033 715 van
1068 656 1196 714 den
1232 656 1470 713 keizer.

183 779 374 837 ΧΧΙΧ.
399 778 544 836 Exin
561 778 853 834 Romanus
872 775 1070 833 laudat
1089 780 1355 832 iuvenem
1377 775 1598 830 omissis
1618 770 2024 842 praecipitibus
2038 777 2160 828 tuta
2175 777 2233 827 et

117 876 386 934 salutaria
415 856 839 945 capessentem.
878 872 972 928 ille
1009 873 1082 929 de
1103 870 1401 927 nobilitate
1422 871 1645 940 generis
1665 867 1902 924 multum
1920 866 2230 937 praefatus,

117 978 313 1028 cetera
349 975 737 1040 temperanter
774 969 1062 1040 adiungit:
1102 970 1310 1023 iturum
1349 968 1559 1035 quippe
1597 963 1837 1019 Romam
1874 962 2231 1032 laturumque
2257 974 2278 1006 5

116 1086 330 1124 novum
369 1064 609 1122 Caesari
647 1064 842 1128 decus,
882 1085 1001 1120 non
1040 1063 1298 1119 adversis
1335 1059 1673 1116 Parthorum
1711 1057 1883 1113 rebus
1923 1056 2234 1127 supplicem

117 1161 453 1219 Arsaciden.
491 1163 610 1217 tum
647 1161 862 1231 placuit
899 1158 1194 1215 Tiridaten
1230 1177 1450 1228 ponere
1492 1153 1646 1225 apud
1686 1153 1932 1223 effigiem
1967 1151 2234 1208 Caesaris

116 1260 334 1328 insigne
389 1259 603 1328 regium
640 1277 750 1313 nec
788 1258 895 1312 nisi
931 1275 1104 1311 manu
1141 1254 1387 1310 Neronis
1422 1269 1752 1313 resumere:
1795 1254 1854 1304 et
1892 1247 2235 1318 colloquium

120 1352 318 1410 osculo
376 1353 614 1409 finitum.
673 1351 810 1408 dein
866 1354 1062 1422 paucis
1113 1350 1316 1406 diebus
1355 1348 1667 1403 interiectis
1707 1356 1914 1415 magna
1951 1346 2235 1413 utrimque

118 1444 313 1512 specie
370 1440 504 1497 inde
562 1460 743 1510 eques
782 1441 1132 1509 compositus
1171 1459 1278 1509 per
1313 1445 1529 1496 turmas
1570 1447 1629 1496 et
1666 1439 1979 1510 insignibus
2016 1442 2232 1509 patriiS,
2262 1444 2302 1476 1⁰

117 1536 246 1594 hinc
305 1540 529 1608 agmina
584 1536 873 1607 legionum
932 1541 1144 1591 stetere
1203 1534 1547 1606 fulgentibus
1598 1535 1798 1606 aquilis
1854 1537 2138 1606 signisque
2180 1541 2237 1589 et

120 1631 431 1689 simulacris
471 1631 643 1688 deum
679 1634 739 1687 in
776 1630 1011 1687 modum
1030 1629 1226 1700 templi
1249 1652 1259 1686 :
1285 1630 1477 1687 medio
1497 1630 1745 1687 tribunal
1765 1630 1965 1687 sedem
1985 1629 2235 1686 curulem

122 1733 181 1783 et
200 1727 372 1784 sedes
395 1727 643 1798 effigiem
663 1726 905 1783 Neronis
928 1723 1361 1801 sustinebatsad
1382 1747 1553 1796 quam
1574 1738 1911 1797 progressus
1936 1724 2234 1789 Tiridates,

122 1826 305 1880 caesis
346 1844 420 1880 ex
457 1843 617 1879 more
652 1825 908 1888 victimiS,
939 1806 1418 1892 sublatum''capiti
1439 1822 1706 1879 diadema
1724 1824 1952 1893 imagini
1978 1820 2234 1885 subiecit,

121 1922 338 1990 magnis
393 1918 548 1989 apud
604 1925 840 1974 cunctos
898 1921 1214 1974 animorum
1270 1917 1536 1984 motibus,
1597 1939 1743 1988 quos
1784 1917 2032 1988 augebat
2068 1919 2238 1972 insita
2264 1929 2304 1962 ¹5

123 2014 310 2072 adhuc
349 2013 525 2071 oculis
565 2016 916 2070 exercituum
953 2013 1342 2069 Romanorum
1381 2013 1592 2070 caedes
1613 2020 1709 2069 aut
1731 2012 2068 2069 obsidiotat
2087 2031 2238 2068 nunc

122 2130 322 2167 versos
362 2130 565 2166 casus:
605 2112 813 2164 iturum
849 2107 1144 2165 Tiridaten
1182 2112 1433 2165 ostentui
1471 2108 1750 2179 gentibUS,
1792 2113 2007 2178 quanto
2054 2110 2238 2163 minus

123 2226 294 2276 quam
332 2205 664 2276 captivum?
740 2206 742 2210 ’
1745 2190 1758 2199 ’

572 2300 762 2378 XXX.
817 2319 1092 2377 Corbulo
1133 2319 1417 2377 onthaalt
1455 2320 1786 2377 Tiridates.

75 2427 357 2496 .s·‘’‘'XXX.
378 2439 619 2496 Addidit
639 2439 852 2510 gloriae
877 2437 1129 2494 Corbulo
1155 2442 1482 2495 comitatem
1506 2439 1821 2509 epulasque
1845 2459 1855 2503 ;
1880 2445 1937 2495 et
1956 2441 2239 2508 rogitante

123 2548 258 2607 rege
279 2555 502 2600 causaS,
526 2537 790 2605 quotiens
806 2554 1020 2590 novum
1039 2534 1252 2604 aliquid
1274 2533 1620 2599 adverterat,
1642 2541 1704 2590 ut
1728 2537 1887 2590 initia
1926 2533 2241 2610 vigiliarum

62 2713 71 2720 ί
125 2651 230 2701 per
279 2634 673 2686 centurionem
710 2632 972 2694 nuntiari,
1014 2632 1339 2685 convivium
1375 2628 1588 2684 bucina
1627 2629 1831 2685 dimitti
1870 2636 1928 2685 et
1968 2635 2241 2684 structam
2263 2647 2309 2679 20

216 2794 258 2836 2.
290 2793 531 2843 miscuere,
562 2791 679 2846 subi.
710 2790 870 2846 hierbij
900 2793 967 2835 is:
1000 2807 1084 2835 rex
1114 2795 1162 2834 et
1194 2789 1431 2842 Corbulo;
1466 2795 1656 2847 uterque
1685 2790 1832 2847 pedes
1861 2793 1900 2835 is
1932 2806 2039 2848 app.

188 2849 343 2894 XXIX.
375 2852 416 2894 5.
449 2853 616 2894 iturum
648 2852 832 2906 quippe,
867 2850 926 2895 cf.
958 2852 1000 2902 2,
1036 2852 1118 2894 15:
1154 2849 1349 2894 classem
1380 2852 1570 2906 quippe.

216 2911 258 2953 6.
289 2906 546 2964 supplicem
576 2907 857 2959 Arsaciden,
891 2910 1125 2965 appositie
1156 2908 1245 2964 bij:
1277 2924 1453 2953 novum
1485 2909 1643 2954 decus.

192 2970 260 3012 10.
292 2967 428 3012 inde.
447 3000 484 3010 .,
504 2966 622 3020 hinc,
655 2968 715 3012 cf.
750 2970 817 3021 13,
848 2969 920 3012 38.

192 3029 260 3072 10.
291 3025 550 3082 insignibus
579 3029 758 3082 patriis,
789 3025 1023 3083 abl.qual.,
1053 3030 1182 3070 vert:
1213 3027 1261 3069 in
1291 3024 1414 3070 hun.
1434 3057 1444 3069 .
1464 3058 1474 3069 .

193 3089 260 3130 12.
293 3089 340 3130 in
387 3084 574 3129 modum
621 3084 802 3141 templ1';
849 3085 917 3130 les
962 3087 1131 3140 images
1178 3083 1261 3128 des
1309 3084 1461 3137 clieux,
1501 3083 1618 3129 dont
1648 3084 1676 3128 l'
1711 3089 1878 3139 aspect·
1905 3081 2098 3128 donnait
2130 3086 2157 3126 a
2188 3097 2243 3127 ce

130 3145 225 3190 lieu
269 3145 315 3190 la
359 3147 552 3200 majeste
599 3143 642 3188 d'
690 3160 752 3189 un
799 3143 973 3200 temple
1006 3143 1268 3197 (Burnouf).
1300 3143 1467 3196 medio,
1511 3143 1588 3187 h.l.
1619 3142 1798 3188 zonder
1826 3158 1987 3199 praep,
2020 3141 2080 3186 cf.
2111 3143 2242 3194 252:

131 3204 253 3260 legio
284 3203 441 3249 medio
460 3235 470 3247 .
489 3235 500 3247 .
520 3235 530 3247 .
562 3201 770 3247 tribunal
785 3234 795 3246 .
814 3236 824 3247 .
844 3235 853 3246 .
871 3202 1144 3254 sustinebat,
1175 3206 1280 3247 vert
1297 3219 1307 3246 :
1342 3218 1403 3258 op
1437 3218 1526 3246 een
1555 3202 1845 3257 verhooging
1863 3234 1873 3245 .
1893 3234 1902 3245 .
1923 3234 1932 3244 .
1950 3199 2106 3245 stond.

194 3265 262 3308 14.
294 3261 527 3308 sublatum
556 3263 712 3316 capiti,
746 3261 804 3306 de
837 3266 1011 3306 constr.
1045 3277 1084 3306 c.
1118 3260 1213 3306 dat.
1252 3263 1291 3305 is
1323 3261 1450 3316 gebr.
1483 3277 1598 3305 naar
1615 3260 1827 3317 analogie
1844 3276 1935 3305 van
1955 3257 2244 3310 abstrahere,

134 3321 379 3367 extrahere
412 3320 674 3372 detrahere,
707 3319 936 3376 deripere,
969 3320 1029 3365 cf.
1062 3336 1152 3364 o.a.
1183 3322 1302 3373 1‚20;
1340 3321 1461 3372 1,39;
1495 3323 1582 3372 2,5‚

197 3383 264 3425 16.
296 3384 591 3430 exercituum,
622 3378 699 3423 h.l.
729 3395 822 3424 van
851 3382 879 3423 2
909 3379 1154 3434 legioenen
1184 3378 1413 3434 gebruikt.

192 3437 327 3484 XXX.
377 3442 445 3484 18.
490 3441 719 3495 rogitante
743 3448 884 3493 ,rege-
904 3471 913 3480 .
934 3471 943 3482 .
962 3437 1138 3482 affecit.
1178 3437 1268 3483 abl.
1301 3436 1400 3482 abs.
1433 3437 1574 3493 gebr.,
1606 3435 1793 3481 hoewel
1824 3434 2055 3480 Tiridates
2087 3433 2255 3489 object

134 3501 173 3542 is
187 3497 246 3553 bij
278 3498 361 3543 het
390 3496 856 3549 hoofdwerkwoord,
875 3496 934 3541 cf.
955 3499 1083 3541 14.10
1101 3513 1110 3541 :
1142 3497 1358 3553 perfecto
1377 3496 1561 3541 demum
1578 3495 1755 3540 scelere
1771 3493 2039 3550 magnitudo
2057 3496 2156 3538 eius
2174 3525 2185 3536 .
2204 3525 2213 3536 .
2235 3526 2244 3536 .

135 3557 404 3601 adverterat
438 3572 478 3586 =
515 3555 922 3601 animadverterat.
954 3560 1004 3599 ut
1030 3554 1367 3611 bijvoorbeeld.

177 3616 266 3661 ‘19.
315 3613 591 3672 vigiliarum,
638 3614 698 3660 de
743 3613 1120 3659 nachtwachten.
1166 3616 1384 3664 nuntiari,
1422 3613 1483 3658 nl.
1516 3628 1606 3657 aan
1631 3611 1730 3657 den
1762 3609 2245 3669 opperbevelhebber.
