<?xml version="1.0" encoding="UTF-8"?>
<!DOCTYPE html PUBLIC "-//W3C//DTD XHTML 1.0 Transitional//EN"
    "http://www.w3.org/TR/xhtml1/DTD/xhtml1-transitional.dtd">
<html xmlns="http://www.w3.org/1999/xhtml" xml:lang="en" lang="en">
 <head>
  <title>
</title>
<meta http-equiv="Content-Type" content="text/html;charset=utf-8" />
  <meta name='ocr-system' content='tesseract 3.04.00' />
  <meta name='ocr-capabilities' content='ocr_page ocr_carea ocr_par ocr_line ocrx_word'/>
</head>
<body>
  <div class='ocr_page' id='page_1' title='image "abexcessudiviaug00taciuoft_0060.png"; bbox 0 0 2574 3912; ppageno 0'>
   <div class='ocr_carea' id='block_1_1' title="bbox 298 140 1743 209">
    <p class='ocr_par' dir='ltr' id='par_1_1' title="bbox 298 140 1743 209">
     <span class='ocr_line' id='line_1_1' title="bbox 298 140 1743 209; baseline 0.01 -14"><span class='ocrx_word' id='word_1_1' title='bbox 298 143 376 203; x_wconf 22' lang='lat'>56-</span> <span class='ocrx_word' id='word_1_2' title='bbox 1049 140 1396 200; x_wconf 92' lang='lat' dir='ltr'><strong>CORNELII</strong></span> <span class='ocrx_word' id='word_1_3' title='bbox 1431 143 1678 209; x_wconf 88' lang='lat' dir='ltr'><strong>TACITI</strong></span> <span class='ocrx_word' id='word_1_4' title='bbox 1740 207 1743 209; x_wconf 73' lang='grc'><strong>,</strong></span> 
     </span>
    </p>
   </div>
   <div class='ocr_carea' id='block_1_2' title="bbox 231 303 2420 1527">
    <p class='ocr_par' dir='ltr' id='par_1_2' title="bbox 298 303 2420 669">
     <span class='ocr_line' id='line_1_2' title="bbox 299 303 2420 382; baseline 0.004 -22"><span class='ocrx_word' id='word_1_5' title='bbox 299 314 535 373; x_wconf 85' lang='lat' dir='ltr'>gnarum</span> <span class='ocrx_word' id='word_1_6' title='bbox 592 323 764 373; x_wconf 91' lang='lat' dir='ltr'>quam</span> <span class='ocrx_word' id='word_1_7' title='bbox 820 303 1052 371; x_wconf 85' lang='lat' dir='ltr'>Neroni,</span> <span class='ocrx_word' id='word_1_8' title='bbox 1114 309 1211 376; x_wconf 90' lang='lat' dir='ltr'>qui</span> <span class='ocrx_word' id='word_1_9' title='bbox 1267 310 1500 378; x_wconf 87' lang='lat' dir='ltr'>saepius</span> <span class='ocrx_word' id='word_1_10' title='bbox 1557 307 1885 366; x_wconf 88' lang='lat' dir='ltr'>libertatem</span> <span class='ocrx_word' id='word_1_11' title='bbox 1935 308 2209 371; x_wconf 34' lang='lat' dir='ltr'>Senecae*</span> <span class='ocrx_word' id='word_1_12' title='bbox 2250 332 2420 382; x_wconf 89' lang='lat' dir='ltr'>quam</span> 
     </span>
     <span class='ocr_line' id='line_1_3' title="bbox 298 400 2419 478; baseline 0.005 -24"><span class='ocrx_word' id='word_1_13' title='bbox 298 401 590 455; x_wconf 86' lang='lat' dir='ltr'>servitium</span> <span class='ocrx_word' id='word_1_14' title='bbox 628 406 903 470; x_wconf 84' lang='lat' dir='ltr'>expertus</span> <span class='ocrx_word' id='word_1_15' title='bbox 941 407 1115 457; x_wconf 88' lang='lat' dir='ltr'>esset.</span> <span class='ocrx_word' id='word_1_16' title='bbox 1154 400 1253 457; x_wconf 93' lang='lat' dir='ltr'>ubi</span> <span class='ocrx_word' id='word_1_17' title='bbox 1289 401 1434 459; x_wconf 89' lang='lat' dir='ltr'>haec</span> <span class='ocrx_word' id='word_1_18' title='bbox 1473 424 1507 460; x_wconf 91' lang='lat' dir='ltr'>a</span> <span class='ocrx_word' id='word_1_19' title='bbox 1545 403 1777 462; x_wconf 87' lang='lat' dir='ltr'>tribuno</span> <span class='ocrx_word' id='word_1_20' title='bbox 1797 403 1979 462; x_wconf 88' lang='lat' dir='ltr'>relata</span> <span class='ocrx_word' id='word_1_21' title='bbox 1998 413 2133 462; x_wconf 89' lang='lat' dir='ltr'>sunt</span> <span class='ocrx_word' id='word_1_22' title='bbox 2150 405 2419 478; x_wconf 89' lang='lat' dir='ltr'>Poppaea</span> 
     </span>
     <span class='ocr_line' id='line_1_4' title="bbox 299 493 2416 571; baseline 0.003 -22"><span class='ocrx_word' id='word_1_23' title='bbox 299 501 359 549; x_wconf 92' lang='lat' dir='ltr'>et</span> <span class='ocrx_word' id='word_1_24' title='bbox 394 493 666 564; x_wconf 75' lang='lat' dir='ltr'>Tigellino</span> <span class='ocrx_word' id='word_1_25' title='bbox 707 515 917 562; x_wconf 89' lang='lat' dir='ltr'>coram,</span> <span class='ocrx_word' id='word_1_26' title='bbox 959 497 1118 567; x_wconf 93' lang='lat' dir='ltr'>quod</span> <span class='ocrx_word' id='word_1_27' title='bbox 1156 503 1282 554; x_wconf 89' lang='lat' dir='ltr'>erat</span> <span class='ocrx_word' id='word_1_28' title='bbox 1315 501 1599 561; x_wconf 84' lang='lat' dir='ltr'>saevienti</span> <span class='ocrx_word' id='word_1_29' title='bbox 1617 503 1858 571; x_wconf 89' lang='lat' dir='ltr'>principi</span> <span class='ocrx_word' id='word_1_30' title='bbox 1875 504 2134 558; x_wconf 74' lang='lat' dir='ltr'>intimum</span> <span class='ocrx_word' id='word_1_31' title='bbox 2154 502 2416 560; x_wconf 69' lang='lat' dir='ltr'>consilio.-</span> 
     </span>
     <span class='ocr_line' id='line_1_5' title="bbox 298 591 2418 669; baseline 0.005 -23"><span class='ocrx_word' id='word_1_32' title='bbox 298 610 438 655; x_wconf 88' lang='lat' dir='ltr'>rum,</span> <span class='ocrx_word' id='word_1_33' title='bbox 495 593 827 663; x_wconf 87' lang='lat' dir='ltr'>interrogat,</span> <span class='ocrx_word' id='word_1_34' title='bbox 887 612 962 648; x_wconf 92' lang='lat' dir='ltr'>an</span> <span class='ocrx_word' id='word_1_35' title='bbox 1020 591 1249 650; x_wconf 85' lang='lat' dir='ltr'>Seneca</span> <span class='ocrx_word' id='word_1_36' title='bbox 1300 594 1685 652; x_wconf 90' lang='lat' dir='ltr'>voluntariam</span> <span class='ocrx_word' id='word_1_37' title='bbox 1723 603 1969 653; x_wconf 89' lang='lat' dir='ltr'>mortem</span> <span class='ocrx_word' id='word_1_38' title='bbox 2014 605 2264 669; x_wconf 88' lang='lat' dir='ltr'>pararet.</span> <span class='ocrx_word' id='word_1_39' title='bbox 2301 604 2418 656; x_wconf 87' lang='lat' dir='ltr'>tum</span> 
     </span>
    </p>

    <p class='ocr_par' dir='ltr' id='par_1_3' title="bbox 250 684 2418 1148">
     <span class='ocr_line' id='line_1_6' title="bbox 250 684 2417 760; baseline 0.004 -18"><span class='ocrx_word' id='word_1_40' title='bbox 250 702 271 733; x_wconf 88' lang='lat'><strong>⁵</strong></span> <span class='ocrx_word' id='word_1_41' title='bbox 295 684 556 743; x_wconf 90' lang='lat' dir='ltr'>tribunus</span> <span class='ocrx_word' id='word_1_42' title='bbox 594 687 751 744; x_wconf 90' lang='lat' dir='ltr'>nulla</span> <span class='ocrx_word' id='word_1_43' title='bbox 787 691 1018 758; x_wconf 83' lang='lat' dir='ltr'>pavoris</span> <span class='ocrx_word' id='word_1_44' title='bbox 1055 692 1231 760; x_wconf 87' lang='lat' dir='ltr'>signa,</span> <span class='ocrx_word' id='word_1_45' title='bbox 1271 689 1406 746; x_wconf 86' lang='lat' dir='ltr'>nihil</span> <span class='ocrx_word' id='word_1_46' title='bbox 1443 694 1606 748; x_wconf 91' lang='lat' dir='ltr'>triste</span> <span class='ocrx_word' id='word_1_47' title='bbox 1644 695 1703 748; x_wconf 92' lang='lat' dir='ltr'>in</span> <span class='ocrx_word' id='word_1_48' title='bbox 1745 691 1938 749; x_wconf 89' lang='lat' dir='ltr'>verbis</span> <span class='ocrx_word' id='word_1_49' title='bbox 1978 697 2101 750; x_wconf 91' lang='lat' dir='ltr'>eius</span> <span class='ocrx_word' id='word_1_50' title='bbox 2142 699 2242 751; x_wconf 89' lang='lat' dir='ltr'>aut</span> <span class='ocrx_word' id='word_1_51' title='bbox 2260 693 2417 751; x_wconf 90' lang='lat' dir='ltr'>vultu</span> 
     </span>
     <span class='ocr_line' id='line_1_7' title="bbox 297 781 2416 856; baseline 0.004 -19"><span class='ocrx_word' id='word_1_52' title='bbox 297 781 647 852; x_wconf 88' lang='lat' dir='ltr'>deprensum</span> <span class='ocrx_word' id='word_1_53' title='bbox 685 783 1060 841; x_wconf 80' lang='lat' dir='ltr'>confirmavit.</span> <span class='ocrx_word' id='word_1_54' title='bbox 1103 797 1241 856; x_wconf 87' lang='lat' dir='ltr'>ergo</span> <span class='ocrx_word' id='word_1_55' title='bbox 1281 786 1506 856; x_wconf 76' lang='lat' dir='ltr'>regredi</span> <span class='ocrx_word' id='word_1_56' title='bbox 1545 794 1603 844; x_wconf 88' lang='lat' dir='ltr'>et</span> <span class='ocrx_word' id='word_1_57' title='bbox 1634 787 1891 845; x_wconf 86' lang='lat' dir='ltr'>indicere</span> <span class='ocrx_word' id='word_1_58' title='bbox 1911 796 2156 847; x_wconf 90' lang='lat' dir='ltr'>mortem</span> <span class='ocrx_word' id='word_1_59' title='bbox 2175 789 2416 850; x_wconf 80' lang='lat' dir='ltr'>iubetur.</span> 
     </span>
     <span class='ocr_line' id='line_1_8' title="bbox 293 877 2416 953; baseline 0.004 -19"><span class='ocrx_word' id='word_1_60' title='bbox 293 877 469 934; x_wconf 78' lang='lat' dir='ltr'>tradit</span> <span class='ocrx_word' id='word_1_61' title='bbox 504 877 716 936; x_wconf 83' lang='lat' dir='ltr'>Fabius</span> <span class='ocrx_word' id='word_1_62' title='bbox 754 879 1020 937; x_wconf 87' lang='lat' dir='ltr'>Rusticus</span> <span class='ocrx_word' id='word_1_63' title='bbox 1058 901 1178 938; x_wconf 94' lang='lat' dir='ltr'>non</span> <span class='ocrx_word' id='word_1_64' title='bbox 1216 902 1305 942; x_wconf 84' lang='lat' dir='ltr'>eo,</span> <span class='ocrx_word' id='word_1_65' title='bbox 1347 903 1461 953; x_wconf 91' lang='lat' dir='ltr'>quo</span> <span class='ocrx_word' id='word_1_66' title='bbox 1484 890 1742 950; x_wconf 90' lang='lat' dir='ltr'>venerat,</span> <span class='ocrx_word' id='word_1_67' title='bbox 1764 888 1969 942; x_wconf 90' lang='lat' dir='ltr'>itinere</span> <span class='ocrx_word' id='word_1_68' title='bbox 1997 885 2220 942; x_wconf 90' lang='lat' dir='ltr'>redisse</span> <span class='ocrx_word' id='word_1_69' title='bbox 2238 884 2416 942; x_wconf 88' lang='lat' dir='ltr'>tribu-</span> 
     </span>
     <span class='ocr_line' id='line_1_9' title="bbox 296 974 2417 1052; baseline 0.004 -22"><span class='ocrx_word' id='word_1_70' title='bbox 296 993 449 1039; x_wconf 90' lang='lat' dir='ltr'>num,</span> <span class='ocrx_word' id='word_1_71' title='bbox 489 974 595 1031; x_wconf 90' lang='lat' dir='ltr'>sed</span> <span class='ocrx_word' id='word_1_72' title='bbox 634 975 864 1032; x_wconf 82' lang='lat' dir='ltr'>flexisse</span> <span class='ocrx_word' id='word_1_73' title='bbox 905 977 981 1033; x_wconf 91' lang='lat' dir='ltr'>ad</span> <span class='ocrx_word' id='word_1_74' title='bbox 1018 976 1296 1034; x_wconf 87' lang='lat' dir='ltr'>Faenium</span> <span class='ocrx_word' id='word_1_75' title='bbox 1332 979 1691 1049; x_wconf 74' lang='lat' dir='ltr'>praefectum</span> <span class='ocrx_word' id='word_1_76' title='bbox 1731 987 1790 1037; x_wconf 87' lang='lat' dir='ltr'>et</span> <span class='ocrx_word' id='word_1_77' title='bbox 1829 985 2104 1052; x_wconf 85' lang='lat' dir='ltr'>expositis</span> <span class='ocrx_word' id='word_1_78' title='bbox 2152 980 2417 1039; x_wconf 79' lang='lat' dir='ltr'>Caesaris</span> 
     </span>
     <span class='ocr_line' id='line_1_10' title="bbox 294 1071 2418 1148; baseline 0.005 -23"><span class='ocrx_word' id='word_1_79' title='bbox 294 1073 480 1136; x_wconf 81' lang='lat' dir='ltr'>iussiS,</span> <span class='ocrx_word' id='word_1_80' title='bbox 538 1092 613 1127; x_wconf 88' lang='lat' dir='ltr'>an</span> <span class='ocrx_word' id='word_1_81' title='bbox 670 1071 1116 1143; x_wconf 80' lang='lat' dir='ltr'>obtemperaret,</span> <span class='ocrx_word' id='word_1_82' title='bbox 1174 1076 1637 1146; x_wconf 87' lang='lat' dir='ltr'>interrogavisse,</span> <span class='ocrx_word' id='word_1_83' title='bbox 1678 1080 2072 1148; x_wconf 79' lang='lat' dir='ltr'>monitumque</span> <span class='ocrx_word' id='word_1_84' title='bbox 2113 1077 2188 1134; x_wconf 88' lang='lat' dir='ltr'>ab</span> <span class='ocrx_word' id='word_1_85' title='bbox 2228 1098 2318 1143; x_wconf 92' lang='lat' dir='ltr'>eo,</span> <span class='ocrx_word' id='word_1_86' title='bbox 2354 1083 2418 1134; x_wconf 83' lang='lat' dir='ltr'>ut</span> 
     </span>
    </p>

    <p class='ocr_par' dir='ltr' id='par_1_4' title="bbox 231 1168 2417 1527">
     <span class='ocr_line' id='line_1_11' title="bbox 231 1168 2416 1241; baseline 0.005 -20"><span class='ocrx_word' id='word_1_87' title='bbox 231 1189 273 1222; x_wconf 78' lang='grc' dir='ltr'>ιο</span> <span class='ocrx_word' id='word_1_88' title='bbox 297 1173 697 1237; x_wconf 79' lang='lat' dir='ltr'>exequeretur,</span> <span class='ocrx_word' id='word_1_89' title='bbox 739 1168 898 1224; x_wconf 81' lang='lat' dir='ltr'>fatali</span> <span class='ocrx_word' id='word_1_90' title='bbox 934 1173 1188 1226; x_wconf 89' lang='lat' dir='ltr'>omnium</span> <span class='ocrx_word' id='word_1_91' title='bbox 1225 1174 1468 1241; x_wconf 88' lang='lat' dir='ltr'>ignavia.</span> <span class='ocrx_word' id='word_1_92' title='bbox 1507 1192 1642 1228; x_wconf 92' lang='lat' dir='ltr'>nam</span> <span class='ocrx_word' id='word_1_93' title='bbox 1681 1179 1740 1229; x_wconf 92' lang='lat' dir='ltr'>et</span> <span class='ocrx_word' id='word_1_94' title='bbox 1766 1171 2032 1230; x_wconf 88' lang='lat' dir='ltr'>Silvanus</span> <span class='ocrx_word' id='word_1_95' title='bbox 2052 1177 2201 1231; x_wconf 90' lang='lat' dir='ltr'>inter</span> <span class='ocrx_word' id='word_1_96' title='bbox 2220 1177 2416 1231; x_wconf 88' lang='lat' dir='ltr'>coniu-</span> 
     </span>
     <span class='ocr_line' id='line_1_12' title="bbox 292 1264 2415 1339; baseline 0.003 -21"><span class='ocrx_word' id='word_1_97' title='bbox 292 1269 452 1319; x_wconf 85' lang='lat' dir='ltr'>ratos</span> <span class='ocrx_word' id='word_1_98' title='bbox 493 1271 618 1320; x_wconf 91' lang='lat' dir='ltr'>erat</span> <span class='ocrx_word' id='word_1_99' title='bbox 657 1264 1019 1336; x_wconf 75' lang='lat' dir='ltr'>augebatque</span> <span class='ocrx_word' id='word_1_100' title='bbox 1059 1265 1295 1333; x_wconf 91' lang='lat' dir='ltr'>scelera,</span> <span class='ocrx_word' id='word_1_101' title='bbox 1334 1270 1394 1323; x_wconf 92' lang='lat' dir='ltr'>in</span> <span class='ocrx_word' id='word_1_102' title='bbox 1432 1288 1675 1339; x_wconf 92' lang='lat' dir='ltr'>quorum</span> <span class='ocrx_word' id='word_1_103' title='bbox 1708 1269 1989 1327; x_wconf 87' lang='lat' dir='ltr'>ultionem</span> <span class='ocrx_word' id='word_1_104' title='bbox 2024 1277 2415 1327; x_wconf 82' lang='lat' dir='ltr'>consenserat.</span> 
     </span>
     <span class='ocr_line' id='line_1_13' title="bbox 292 1362 2417 1435; baseline 0.004 -21"><span class='ocrx_word' id='word_1_105' title='bbox 292 1362 424 1415; x_wconf 86' lang='lat' dir='ltr'>voci</span> <span class='ocrx_word' id='word_1_106' title='bbox 460 1366 654 1415; x_wconf 90' lang='lat' dir='ltr'>tamen</span> <span class='ocrx_word' id='word_1_107' title='bbox 693 1366 753 1416; x_wconf 85' lang='lat' dir='ltr'>et</span> <span class='ocrx_word' id='word_1_108' title='bbox 791 1364 1050 1431; x_wconf 89' lang='lat' dir='ltr'>aspectui</span> <span class='ocrx_word' id='word_1_109' title='bbox 1087 1366 1348 1433; x_wconf 87' lang='lat' dir='ltr'>pepercit</span> <span class='ocrx_word' id='word_1_110' title='bbox 1385 1367 1803 1435; x_wconf 86' lang='lat' dir='ltr'>intromisitque</span> <span class='ocrx_word' id='word_1_111' title='bbox 1843 1365 1920 1422; x_wconf 89' lang='lat' dir='ltr'>ad</span> <span class='ocrx_word' id='word_1_112' title='bbox 1940 1364 2223 1423; x_wconf 90' lang='lat' dir='ltr'>Senecam</span> <span class='ocrx_word' id='word_1_113' title='bbox 2242 1387 2417 1423; x_wconf 90' lang='lat' dir='ltr'>unum</span> 
     </span>
     <span class='ocr_line' id='line_1_14' title="bbox 297 1456 2156 1527; baseline 0.004 -17"><span class='ocrx_word' id='word_1_114' title='bbox 297 1475 369 1510; x_wconf 83' lang='lat' dir='ltr'>ex</span> <span class='ocrx_word' id='word_1_115' title='bbox 407 1456 853 1523; x_wconf 83' lang='lat' dir='ltr'>centurionibuS,</span> <span class='ocrx_word' id='word_1_116' title='bbox 896 1460 994 1527; x_wconf 91' lang='lat' dir='ltr'>qui</span> <span class='ocrx_word' id='word_1_117' title='bbox 1031 1461 1441 1516; x_wconf 89' lang='lat' dir='ltr'>necessitatem</span> <span class='ocrx_word' id='word_1_118' title='bbox 1478 1460 1736 1516; x_wconf 86' lang='lat' dir='ltr'>ultimam</span> <span class='ocrx_word' id='word_1_119' title='bbox 1775 1460 2156 1518; x_wconf 88' lang='lat' dir='ltr'>denuntiaret.</span> 
     </span>
    </p>
   </div>
   <div class='ocr_carea' id='block_1_3' title="bbox 719 1641 2089 1717">
    <p class='ocr_par' dir='ltr' id='par_1_5' title="bbox 719 1641 2089 1717">
     <span class='ocr_line' id='line_1_15' title="bbox 719 1641 2089 1717; baseline 0.003 -19"><span class='ocrx_word' id='word_1_120' title='bbox 719 1641 902 1698; x_wconf 91' lang='lat' dir='ltr'>LXII.</span> <span class='ocrx_word' id='word_1_121' title='bbox 979 1641 1283 1701; x_wconf 86' lang='lat' dir='ltr'>Seneca’s</span> <span class='ocrx_word' id='word_1_122' title='bbox 1319 1643 1552 1701; x_wconf 84' lang='lat' dir='ltr'>laatste</span> <span class='ocrx_word' id='word_1_123' title='bbox 1595 1644 2089 1717; x_wconf 84' lang='lat' dir='ltr'>oogenblikken.</span> 
     </span>
    </p>
   </div>
   <div class='ocr_carea' id='block_1_4' title="bbox 224 1785 2416 2448">
    <p class='ocr_par' dir='ltr' id='par_1_6' title="bbox 362 1785 2415 1873">
     <span class='ocr_line' id='line_1_16' title="bbox 362 1785 2415 1873; baseline 0.004 -23"><span class='ocrx_word' id='word_1_124' title='bbox 362 1794 518 1852; x_wconf 87' lang='lat' dir='ltr'><strong>LXII.</strong></span> <span class='ocrx_word' id='word_1_125' title='bbox 572 1795 668 1852; x_wconf 90' lang='lat' dir='ltr'>Ille</span> <span class='ocrx_word' id='word_1_126' title='bbox 725 1785 1017 1854; x_wconf 85' lang='lat' dir='ltr'>interritus</span> <span class='ocrx_word' id='word_1_127' title='bbox 1073 1803 1261 1869; x_wconf 88' lang='lat' dir='ltr'>poscit</span> <span class='ocrx_word' id='word_1_128' title='bbox 1315 1804 1645 1857; x_wconf 86' lang='lat' dir='ltr'>testamenti</span> <span class='ocrx_word' id='word_1_129' title='bbox 1683 1799 1940 1865; x_wconf 73' lang='lat' dir='ltr'>tabulas:</span> <span class='ocrx_word' id='word_1_130' title='bbox 1983 1821 2050 1857; x_wconf 92' lang='lat' dir='ltr'>ac</span> <span class='ocrx_word' id='word_1_131' title='bbox 2090 1800 2415 1873; x_wconf 85' lang='lat' dir='ltr'>denegante</span> 
     </span>
    </p>

    <p class='ocr_par' dir='ltr' id='par_1_7' title="bbox 224 1895 2416 2448">
     <span class='ocr_line' id='line_1_17' title="bbox 228 1895 2415 1966; baseline 0.003 -19"><span class='ocrx_word' id='word_1_132' title='bbox 228 1915 269 1947; x_wconf 87' lang='lat'>15</span> <span class='ocrx_word' id='word_1_133' title='bbox 293 1895 630 1949; x_wconf 90' lang='lat' dir='ltr'>centurione</span> <span class='ocrx_word' id='word_1_134' title='bbox 670 1913 985 1950; x_wconf 90' lang='lat' dir='ltr'>conversus</span> <span class='ocrx_word' id='word_1_135' title='bbox 1025 1895 1101 1951; x_wconf 91' lang='lat' dir='ltr'>ad</span> <span class='ocrx_word' id='word_1_136' title='bbox 1142 1899 1374 1960; x_wconf 81' lang='lat' dir='ltr'>amicOS,</span> <span class='ocrx_word' id='word_1_137' title='bbox 1414 1895 1646 1966; x_wconf 89' lang='lat' dir='ltr'>quando</span> <span class='ocrx_word' id='word_1_138' title='bbox 1684 1900 1902 1953; x_wconf 88' lang='lat' dir='ltr'>meritis</span> <span class='ocrx_word' id='word_1_139' title='bbox 1942 1917 2144 1954; x_wconf 92' lang='lat' dir='ltr'>eorum</span> <span class='ocrx_word' id='word_1_140' title='bbox 2196 1897 2415 1955; x_wconf 71' lang='lat' dir='ltr'>reterre</span> 
     </span>
     <span class='ocr_line' id='line_1_18' title="bbox 290 1988 2416 2064; baseline 0.003 -20"><span class='ocrx_word' id='word_1_141' title='bbox 290 1991 531 2059; x_wconf 86' lang='lat' dir='ltr'>gratiam</span> <span class='ocrx_word' id='word_1_142' title='bbox 585 1988 1006 2059; x_wconf 86' lang='lat' dir='ltr'>prohiberetur,</span> <span class='ocrx_word' id='word_1_143' title='bbox 1066 1991 1224 2061; x_wconf 91' lang='lat' dir='ltr'>quod</span> <span class='ocrx_word' id='word_1_144' title='bbox 1279 2012 1456 2048; x_wconf 91' lang='lat' dir='ltr'>unum</span> <span class='ocrx_word' id='word_1_145' title='bbox 1492 1996 1608 2048; x_wconf 91' lang='lat' dir='ltr'>iam</span> <span class='ocrx_word' id='word_1_146' title='bbox 1648 1999 1706 2049; x_wconf 88' lang='lat' dir='ltr'>et</span> <span class='ocrx_word' id='word_1_147' title='bbox 1747 2000 1942 2050; x_wconf 90' lang='lat' dir='ltr'>tamen</span> <span class='ocrx_word' id='word_1_148' title='bbox 1978 1993 2416 2064; x_wconf 90' lang='lat' dir='ltr'>pulcherrimum</span> 
     </span>
     <span class='ocr_line' id='line_1_19' title="bbox 288 2084 2414 2159; baseline 0.003 -19"><span class='ocrx_word' id='word_1_149' title='bbox 288 2084 519 2151; x_wconf 84' lang='lat' dir='ltr'>habeat,</span> <span class='ocrx_word' id='word_1_150' title='bbox 557 2088 862 2157; x_wconf 87' lang='lat' dir='ltr'>imaginem</span> <span class='ocrx_word' id='word_1_151' title='bbox 899 2090 1055 2143; x_wconf 87' lang='lat' dir='ltr'>vitae</span> <span class='ocrx_word' id='word_1_152' title='bbox 1089 2108 1229 2144; x_wconf 90' lang='lat' dir='ltr'>suae</span> <span class='ocrx_word' id='word_1_153' title='bbox 1250 2087 1576 2159; x_wconf 89' lang='lat' dir='ltr'>relinquere</span> <span class='ocrx_word' id='word_1_154' title='bbox 1595 2095 1856 2153; x_wconf 89' lang='lat' dir='ltr'>testatur,</span> <span class='ocrx_word' id='word_1_155' title='bbox 1880 2093 2040 2146; x_wconf 90' lang='lat' dir='ltr'>cuius</span> <span class='ocrx_word' id='word_1_156' title='bbox 2061 2093 2110 2147; x_wconf 92' lang='lat' dir='ltr'>si</span> <span class='ocrx_word' id='word_1_157' title='bbox 2127 2110 2414 2147; x_wconf 90' lang='lat' dir='ltr'>memores</span> 
     </span>
     <span class='ocr_line' id='line_1_20' title="bbox 291 2181 2412 2246; baseline 0.003 -10"><span class='ocrx_word' id='word_1_158' title='bbox 291 2187 504 2246; x_wconf 90' lang='lat' dir='ltr'>essent,</span> <span class='ocrx_word' id='word_1_159' title='bbox 577 2181 862 2238; x_wconf 90' lang='lat' dir='ltr'>bonarum</span> <span class='ocrx_word' id='word_1_160' title='bbox 919 2185 1124 2239; x_wconf 89' lang='lat' dir='ltr'>artium</span> <span class='ocrx_word' id='word_1_161' title='bbox 1182 2183 1393 2240; x_wconf 81' lang='lat' dir='ltr'>famam</span> <span class='ocrx_word' id='word_1_162' title='bbox 1451 2184 1698 2241; x_wconf 77' lang='lat' dir='ltr'>fructum</span> <span class='ocrx_word' id='word_1_163' title='bbox 1755 2189 2072 2242; x_wconf 79' lang='lat' dir='ltr'>&#39;constantis</span> <span class='ocrx_word' id='word_1_164' title='bbox 2130 2188 2412 2243; x_wconf 87' lang='lat' dir='ltr'>amicitiae</span> 
     </span>
     <span class='ocr_line' id='line_1_21' title="bbox 288 2277 2414 2347; baseline 0.003 -15"><span class='ocrx_word' id='word_1_165' title='bbox 288 2277 523 2333; x_wconf 84' lang='lat' dir='ltr'>laturoS.</span> <span class='ocrx_word' id='word_1_166' title='bbox 565 2278 731 2334; x_wconf 89' lang='lat' dir='ltr'>simul</span> <span class='ocrx_word' id='word_1_167' title='bbox 768 2278 1032 2335; x_wconf 88' lang='lat' dir='ltr'>lacrimas</span> <span class='ocrx_word' id='word_1_168' title='bbox 1073 2300 1274 2336; x_wconf 89' lang='lat' dir='ltr'>eorum</span> <span class='ocrx_word' id='word_1_169' title='bbox 1312 2280 1484 2337; x_wconf 91' lang='lat' dir='ltr'>mode</span> <span class='ocrx_word' id='word_1_170' title='bbox 1526 2301 1812 2347; x_wconf 89' lang='lat' dir='ltr'>sermone,</span> <span class='ocrx_word' id='word_1_171' title='bbox 1851 2281 2027 2338; x_wconf 91' lang='lat' dir='ltr'>modo</span> <span class='ocrx_word' id='word_1_172' title='bbox 2064 2284 2414 2339; x_wconf 88' lang='lat' dir='ltr'>intentiorin</span> 
     </span>
     <span class='ocr_line' id='line_1_22' title="bbox 224 2372 2413 2448; baseline 0.002 -20"><span class='ocrx_word' id='word_1_173' title='bbox 224 2404 267 2437; x_wconf 82' lang='lat'>20</span> <span class='ocrx_word' id='word_1_174' title='bbox 290 2372 525 2429; x_wconf 91' lang='lat' dir='ltr'>modum</span> <span class='ocrx_word' id='word_1_175' title='bbox 582 2378 903 2431; x_wconf 67' lang='lat' dir='ltr'>coercentis</span> <span class='ocrx_word' id='word_1_176' title='bbox 962 2374 1038 2431; x_wconf 90' lang='lat' dir='ltr'>ad</span> <span class='ocrx_word' id='word_1_177' title='bbox 1077 2375 1484 2432; x_wconf 77' lang='lat' dir='ltr'>firmitudinem</span> <span class='ocrx_word' id='word_1_178' title='bbox 1522 2383 1777 2443; x_wconf 90' lang='lat' dir='ltr'>revocat,</span> <span class='ocrx_word' id='word_1_179' title='bbox 1819 2381 2074 2447; x_wconf 87' lang='lat' dir='ltr'>rogitans</span> <span class='ocrx_word' id='word_1_180' title='bbox 2108 2377 2208 2434; x_wconf 92' lang='lat' dir='ltr'>ubi</span> <span class='ocrx_word' id='word_1_181' title='bbox 2244 2397 2413 2448; x_wconf 89' lang='lat' dir='ltr'>prae-</span> 
     </span>
    </p>
   </div>
   <div class='ocr_carea' id='block_1_5' title="bbox 287 2543 2413 3668">
    <p class='ocr_par' dir='ltr' id='par_1_8' title="bbox 383 2543 1449 2601">
     <span class='ocr_line' id='line_1_23' title="bbox 383 2543 1449 2601; baseline 0.004 -14"><span class='ocrx_word' id='word_1_182' title='bbox 383 2546 421 2587; x_wconf 82' lang='lat'>1.</span> <span class='ocrx_word' id='word_1_183' title='bbox 451 2554 663 2599; x_wconf 81' lang='lat' dir='ltr'>gnarum,</span> <span class='ocrx_word' id='word_1_184' title='bbox 694 2543 772 2588; x_wconf 86' lang='lat' dir='ltr'>h.l.</span> <span class='ocrx_word' id='word_1_185' title='bbox 802 2547 850 2589; x_wconf 90' lang='lat' dir='ltr'>in</span> <span class='ocrx_word' id='word_1_186' title='bbox 880 2560 1004 2601; x_wconf 88' lang='lat' dir='ltr'>pass.</span> <span class='ocrx_word' id='word_1_187' title='bbox 1038 2545 1147 2599; x_wconf 87' lang='lat' dir='ltr'>bet.,</span> <span class='ocrx_word' id='word_1_188' title='bbox 1181 2546 1240 2590; x_wconf 80' lang='lat' dir='ltr'>cf.</span> <span class='ocrx_word' id='word_1_189' title='bbox 1277 2548 1344 2599; x_wconf 87' lang='lat'>11,</span> <span class='ocrx_word' id='word_1_190' title='bbox 1377 2548 1449 2591; x_wconf 87' lang='lat'>32.</span> 
     </span>
    </p>

    <p class='ocr_par' dir='ltr' id='par_1_9' title="bbox 289 2601 2413 2776">
     <span class='ocr_line' id='line_1_24' title="bbox 382 2601 2413 2663; baseline 0.002 -16"><span class='ocrx_word' id='word_1_191' title='bbox 382 2607 420 2647; x_wconf 93' lang='lat'>1.</span> <span class='ocrx_word' id='word_1_192' title='bbox 453 2601 709 2648; x_wconf 82' lang='lat' dir='ltr'>libertatem</span> <span class='ocrx_word' id='word_1_193' title='bbox 743 2602 967 2657; x_wconf 83' lang='lat' dir='ltr'>Senecae,</span> <span class='ocrx_word' id='word_1_194' title='bbox 1000 2605 1184 2649; x_wconf 89' lang='lat' dir='ltr'>sterker</span> <span class='ocrx_word' id='word_1_195' title='bbox 1216 2605 1331 2650; x_wconf 92' lang='lat' dir='ltr'>dan:</span> <span class='ocrx_word' id='word_1_196' title='bbox 1366 2621 1510 2659; x_wconf 84' lang='lat' dir='ltr'>suam,</span> <span class='ocrx_word' id='word_1_197' title='bbox 1543 2606 1607 2650; x_wconf 81' lang='lat' dir='ltr'>cf.</span> <span class='ocrx_word' id='word_1_198' title='bbox 1636 2608 1677 2658; x_wconf 84' lang='lat'>2,</span> <span class='ocrx_word' id='word_1_199' title='bbox 1711 2609 1906 2651; x_wconf 76' lang='lat' dir='ltr'>702n0n</span> <span class='ocrx_word' id='word_1_200' title='bbox 1921 2621 2071 2663; x_wconf 89' lang='lat' dir='ltr'>usque</span> <span class='ocrx_word' id='word_1_201' title='bbox 2088 2622 2147 2651; x_wconf 89' lang='lat' dir='ltr'>eo</span> <span class='ocrx_word' id='word_1_202' title='bbox 2173 2605 2413 2653; x_wconf 77' lang='lat' dir='ltr'>defectum</span> 
     </span>
     <span class='ocr_line' id='line_1_25' title="bbox 289 2660 2413 2776; baseline 0.003 -71"><span class='ocrx_word' id='word_1_203' title='bbox 289 2660 634 2776; x_wconf 46' lang='grc' dir='ltr'>ἱῦετωειῇιίειιιιί,</span> <span class='ocrx_word' id='word_1_204' title='bbox 666 2679 725 2707; x_wconf 88' lang='lat' dir='ltr'>en</span> <span class='ocrx_word' id='word_1_205' title='bbox 757 2662 854 2708; x_wconf 89' lang='lat' dir='ltr'>Liv.</span> <span class='ocrx_word' id='word_1_206' title='bbox 890 2666 929 2716; x_wconf 87' lang='lat'>1,</span> <span class='ocrx_word' id='word_1_207' title='bbox 961 2665 1046 2708; x_wconf 88' lang='lat'>20:</span> <span class='ocrx_word' id='word_1_208' title='bbox 1075 2664 1233 2722; x_wconf 89' lang='lat' dir='ltr'>plures</span> <span class='ocrx_word' id='word_1_209' title='bbox 1265 2664 1453 2710; x_wconf 89' lang='lat' dir='ltr'>Romuli</span> <span class='ocrx_word' id='word_1_210' title='bbox 1483 2681 1623 2722; x_wconf 90' lang='lat' dir='ltr'>quam</span> <span class='ocrx_word' id='word_1_211' title='bbox 1652 2664 1832 2711; x_wconf 88' lang='lat' dir='ltr'>Numae</span> <span class='ocrx_word' id='word_1_212' title='bbox 1863 2666 2034 2711; x_wconf 88' lang='lat' dir='ltr'>similes</span> <span class='ocrx_word' id='word_1_213' title='bbox 2063 2674 2198 2722; x_wconf 87' lang='lat' dir='ltr'>reges</span> <span class='ocrx_word' id='word_1_214' title='bbox 2214 2665 2413 2723; x_wconf 82' lang='lat' dir='ltr'>putabat</span> 
     </span>
     <span class='ocr_line' id='line_1_26' title="bbox 311 2723 623 2775; baseline 0.006 -10"><span class='ocrx_word' id='word_1_215' title='bbox 311 2736 393 2765; x_wconf 87' lang='lat' dir='ltr'>ore</span> <span class='ocrx_word' id='word_1_216' title='bbox 427 2723 438 2775; x_wconf 86' lang='lat'><strong>[</strong></span> <span class='ocrx_word' id='word_1_217' title='bbox 486 2738 593 2767; x_wconf 91' lang='lat' dir='ltr'>uma</span> <span class='ocrx_word' id='word_1_218' title='bbox 614 2755 623 2766; x_wconf 91' lang='lat'><strong>.</strong></span> 
     </span>
    </p>

    <p class='ocr_par' dir='ltr' id='par_1_10' title="bbox 289 2779 2411 2901">
     <span class='ocr_line' id='line_1_27' title="bbox 378 2779 2411 2840; baseline 0.002 -15"><span class='ocrx_word' id='word_1_219' title='bbox 378 2783 418 2824; x_wconf 91' lang='lat'>7.</span> <span class='ocrx_word' id='word_1_220' title='bbox 449 2779 627 2826; x_wconf 81' lang='lat' dir='ltr'>Fabius</span> <span class='ocrx_word' id='word_1_221' title='bbox 656 2780 892 2834; x_wconf 72' lang='lat' dir='ltr'>Rusticus,</span> <span class='ocrx_word' id='word_1_222' title='bbox 926 2782 986 2827; x_wconf 82' lang='lat' dir='ltr'>cf.</span> <span class='ocrx_word' id='word_1_223' title='bbox 1022 2785 1090 2835; x_wconf 85' lang='lat'>13,</span> <span class='ocrx_word' id='word_1_224' title='bbox 1123 2785 1180 2827; x_wconf 89' lang='lat'>20</span> <span class='ocrx_word' id='word_1_225' title='bbox 1212 2798 1272 2828; x_wconf 90' lang='lat' dir='ltr'>en</span> <span class='ocrx_word' id='word_1_226' title='bbox 1303 2783 1462 2840; x_wconf 84' lang='lat' dir='ltr'>Agric.</span> <span class='ocrx_word' id='word_1_227' title='bbox 1483 2786 1561 2829; x_wconf 88' lang='lat'>10:</span> <span class='ocrx_word' id='word_1_228' title='bbox 1582 2783 1738 2829; x_wconf 90' lang='lat' dir='ltr'>Livius</span> <span class='ocrx_word' id='word_1_229' title='bbox 1755 2783 2174 2836; x_wconf 84' lang='lat' dir='ltr'>veterum,Fabius</span> <span class='ocrx_word' id='word_1_230' title='bbox 2188 2783 2411 2830; x_wconf 84' lang='lat' dir='ltr'>Rusticus</span> 
     </span>
     <span class='ocr_line' id='line_1_28' title="bbox 289 2840 1254 2901; baseline 0.004 -18"><span class='ocrx_word' id='word_1_231' title='bbox 289 2843 548 2885; x_wconf 84' lang='lat' dir='ltr'>recentium</span> <span class='ocrx_word' id='word_1_232' title='bbox 579 2840 953 2898; x_wconf 87' lang='lat' dir='ltr'>eloquentissimi</span> <span class='ocrx_word' id='word_1_233' title='bbox 983 2844 1254 2901; x_wconf 89' lang='lat' dir='ltr'>scriptores.</span> 
     </span>
    </p>

    <p class='ocr_par' dir='ltr' id='par_1_11' title="bbox 288 2899 2410 3017">
     <span class='ocr_line' id='line_1_29' title="bbox 351 2899 2410 2958; baseline 0.002 -15"><span class='ocrx_word' id='word_1_234' title='bbox 351 2902 418 2943; x_wconf 84' lang='lat'>10.</span> <span class='ocrx_word' id='word_1_235' title='bbox 436 2899 579 2944; x_wconf 69' lang='lat' dir='ltr'>fatali</span> <span class='ocrx_word' id='word_1_236' title='bbox 593 2904 795 2945; x_wconf 82' lang='lat' dir='ltr'>omnium</span> <span class='ocrx_word' id='word_1_237' title='bbox 806 2904 1045 2957; x_wconf 83' lang='lat' dir='ltr'>inqnavia,</span> <span class='ocrx_word' id='word_1_238' title='bbox 1062 2917 1152 2946; x_wconf 89' lang='lat' dir='ltr'>een</span> <span class='ocrx_word' id='word_1_239' title='bbox 1169 2903 1453 2958; x_wconf 84' lang='lat' dir='ltr'>toevoeging</span> <span class='ocrx_word' id='word_1_240' title='bbox 1468 2917 1559 2947; x_wconf 88' lang='lat' dir='ltr'>van</span> <span class='ocrx_word' id='word_1_241' title='bbox 1577 2901 1780 2955; x_wconf 85' lang='lat' dir='ltr'>Tacitus,</span> <span class='ocrx_word' id='word_1_242' title='bbox 1798 2907 1902 2947; x_wconf 85' lang='lat' dir='ltr'>vert</span> <span class='ocrx_word' id='word_1_243' title='bbox 1920 2920 1929 2947; x_wconf 77' lang='lat' dir='ltr'><em>z</em></span> <span class='ocrx_word' id='word_1_244' title='bbox 1950 2901 2064 2947; x_wconf 83' lang='lat' dir='ltr'>daar</span> <span class='ocrx_word' id='word_1_245' title='bbox 2077 2918 2144 2948; x_wconf 87' lang='lat' dir='ltr'>nu</span> <span class='ocrx_word' id='word_1_246' title='bbox 2160 2901 2284 2948; x_wconf 88' lang='lat' dir='ltr'>allen</span> <span class='ocrx_word' id='word_1_247' title='bbox 2299 2918 2410 2948; x_wconf 85' lang='lat' dir='ltr'>een·</span> 
     </span>
     <span class='ocr_line' id='line_1_30' title="bbox 288 2958 2200 3017; baseline 0.003 -15"><span class='ocrx_word' id='word_1_248' title='bbox 288 2958 423 3012; x_wconf 85' lang='lat' dir='ltr'>maal,</span> <span class='ocrx_word' id='word_1_249' title='bbox 456 2959 523 3003; x_wconf 84' lang='lat' dir='ltr'>als</span> <span class='ocrx_word' id='word_1_250' title='bbox 555 2960 636 3004; x_wconf 81' lang='lat' dir='ltr'>het</span> <span class='ocrx_word' id='word_1_251' title='bbox 667 2976 795 3005; x_wconf 90' lang='lat' dir='ltr'>ware</span> <span class='ocrx_word' id='word_1_252' title='bbox 827 2960 948 3006; x_wconf 91' lang='lat' dir='ltr'>door</span> <span class='ocrx_word' id='word_1_253' title='bbox 980 2977 1068 3005; x_wconf 90' lang='lat' dir='ltr'>een</span> <span class='ocrx_word' id='word_1_254' title='bbox 1102 2960 1413 3017; x_wconf 80' lang='lat' dir='ltr'>beschikking</span> <span class='ocrx_word' id='word_1_255' title='bbox 1443 2977 1536 3006; x_wconf 84' lang='lat' dir='ltr'>van</span> <span class='ocrx_word' id='word_1_256' title='bbox 1568 2960 1651 3006; x_wconf 89' lang='lat' dir='ltr'>het</span> <span class='ocrx_word' id='word_1_257' title='bbox 1681 2961 1899 3014; x_wconf 88' lang='lat' dir='ltr'>noodlot,</span> <span class='ocrx_word' id='word_1_258' title='bbox 1931 2961 1997 3006; x_wconf 77' lang='lat' dir='ltr'>laf</span> <span class='ocrx_word' id='word_1_259' title='bbox 2027 2977 2200 3007; x_wconf 85' lang='lat' dir='ltr'>waren.</span> 
     </span>
    </p>

    <p class='ocr_par' dir='ltr' id='par_1_12' title="bbox 290 3018 2409 3133">
     <span class='ocr_line' id='line_1_31' title="bbox 351 3018 2409 3078; baseline 0.002 -16"><span class='ocrx_word' id='word_1_260' title='bbox 351 3021 419 3062; x_wconf 88' lang='lat'>12.</span> <span class='ocrx_word' id='word_1_261' title='bbox 453 3022 557 3063; x_wconf 87' lang='lat' dir='ltr'>voci</span> <span class='ocrx_word' id='word_1_262' title='bbox 578 3052 588 3062; x_wconf 95' lang='lat'><strong>.</strong></span> <span class='ocrx_word' id='word_1_263' title='bbox 608 3052 617 3063; x_wconf 89' lang='lat'><strong>.</strong></span> <span class='ocrx_word' id='word_1_264' title='bbox 639 3052 648 3062; x_wconf 86' lang='lat'><strong>.</strong></span> <span class='ocrx_word' id='word_1_265' title='bbox 666 3022 885 3075; x_wconf 76' lang='lat' dir='ltr'>pepercit,</span> <span class='ocrx_word' id='word_1_266' title='bbox 917 3026 1048 3064; x_wconf 82' lang='lat' dir='ltr'>vert:</span> <span class='ocrx_word' id='word_1_267' title='bbox 1082 3019 1141 3076; x_wconf 89' lang='lat' dir='ltr'>hij</span> <span class='ocrx_word' id='word_1_268' title='bbox 1174 3021 1397 3066; x_wconf 88' lang='lat' dir='ltr'>vermeed</span> <span class='ocrx_word' id='word_1_269' title='bbox 1428 3019 1510 3065; x_wconf 87' lang='lat' dir='ltr'>het</span> <span class='ocrx_word' id='word_1_270' title='bbox 1542 3020 1705 3065; x_wconf 86' lang='lat' dir='ltr'>echter</span> <span class='ocrx_word' id='word_1_271' title='bbox 1738 3021 1845 3066; x_wconf 88' lang='lat' dir='ltr'>hem</span> <span class='ocrx_word' id='word_1_272' title='bbox 1863 3026 1910 3066; x_wconf 86' lang='lat' dir='ltr'>te</span> <span class='ocrx_word' id='word_1_273' title='bbox 1926 3023 2029 3066; x_wconf 89' lang='lat' dir='ltr'>zien</span> <span class='ocrx_word' id='word_1_274' title='bbox 2050 3037 2109 3066; x_wconf 91' lang='lat' dir='ltr'>en</span> <span class='ocrx_word' id='word_1_275' title='bbox 2124 3027 2173 3066; x_wconf 85' lang='lat' dir='ltr'>te</span> <span class='ocrx_word' id='word_1_276' title='bbox 2189 3018 2409 3078; x_wconf 85' lang='lat' dir='ltr'>spreken,</span> 
     </span>
     <span class='ocr_line' id='line_1_32' title="bbox 290 3078 1816 3133; baseline 0.002 -13"><span class='ocrx_word' id='word_1_277' title='bbox 290 3078 349 3121; x_wconf 80' lang='lat' dir='ltr'>cf.</span> <span class='ocrx_word' id='word_1_278' title='bbox 386 3080 453 3129; x_wconf 87' lang='lat'>12,</span> <span class='ocrx_word' id='word_1_279' title='bbox 486 3081 570 3122; x_wconf 87' lang='lat'>47:</span> <span class='ocrx_word' id='word_1_280' title='bbox 604 3081 724 3124; x_wconf 78' lang='lat' dir='ltr'>visui</span> <span class='ocrx_word' id='word_1_281' title='bbox 755 3084 912 3124; x_wconf 88' lang='lat' dir='ltr'>tamen</span> <span class='ocrx_word' id='word_1_282' title='bbox 945 3079 1193 3133; x_wconf 85' lang='lat' dir='ltr'>consuluit,</span> <span class='ocrx_word' id='word_1_283' title='bbox 1226 3096 1286 3125; x_wconf 87' lang='lat' dir='ltr'>ne</span> <span class='ocrx_word' id='word_1_284' title='bbox 1321 3096 1479 3125; x_wconf 89' lang='lat' dir='ltr'>coram</span> <span class='ocrx_word' id='word_1_285' title='bbox 1510 3080 1816 3125; x_wconf 81' lang='lat' dir='ltr'>interficeret.</span> 
     </span>
    </p>

    <p class='ocr_par' dir='ltr' id='par_1_13' title="bbox 287 3136 2410 3373">
     <span class='ocr_line' id='line_1_33' title="bbox 348 3136 2408 3196; baseline 0.001 -16"><span class='ocrx_word' id='word_1_286' title='bbox 348 3136 478 3181; x_wconf 88' lang='lat' dir='ltr'><strong>LXII.</strong></span> <span class='ocrx_word' id='word_1_287' title='bbox 516 3140 583 3182; x_wconf 85' lang='lat'>14.</span> <span class='ocrx_word' id='word_1_288' title='bbox 615 3142 878 3183; x_wconf 80' lang='lat' dir='ltr'>testamenti</span> <span class='ocrx_word' id='word_1_289' title='bbox 893 3138 1093 3191; x_wconf 84' lang='lat' dir='ltr'>tabulas,</span> <span class='ocrx_word' id='word_1_290' title='bbox 1119 3140 1169 3183; x_wconf 85' lang='lat' dir='ltr'>of</span> <span class='ocrx_word' id='word_1_291' title='bbox 1188 3155 1263 3184; x_wconf 91' lang='lat' dir='ltr'>om</span> <span class='ocrx_word' id='word_1_292' title='bbox 1281 3139 1419 3184; x_wconf 86' lang='lat' dir='ltr'>thans</span> <span class='ocrx_word' id='word_1_293' title='bbox 1437 3143 1523 3195; x_wconf 87' lang='lat' dir='ltr'>zijn</span> <span class='ocrx_word' id='word_1_294' title='bbox 1541 3145 1794 3184; x_wconf 81' lang='lat' dir='ltr'>testament</span> <span class='ocrx_word' id='word_1_295' title='bbox 1812 3145 1858 3184; x_wconf 82' lang='lat' dir='ltr'>te</span> <span class='ocrx_word' id='word_1_296' title='bbox 1876 3138 2046 3184; x_wconf 87' lang='lat' dir='ltr'>maken</span> <span class='ocrx_word' id='word_1_297' title='bbox 2063 3138 2115 3185; x_wconf 79' lang='lat' dir='ltr'>of</span> <span class='ocrx_word' id='word_1_298' title='bbox 2130 3154 2182 3184; x_wconf 89' lang='lat' dir='ltr'>er</span> <span class='ocrx_word' id='word_1_299' title='bbox 2197 3137 2408 3196; x_wconf 82' lang='lat' dir='ltr'>bepalin·</span> 
     </span>
     <span class='ocr_line' id='line_1_34' title="bbox 289 3198 2408 3255; baseline 0.001 -16"><span class='ocrx_word' id='word_1_300' title='bbox 289 3204 376 3251; x_wconf 84' lang='lat' dir='ltr'>gen</span> <span class='ocrx_word' id='word_1_301' title='bbox 394 3212 483 3240; x_wconf 82' lang='lat' dir='ltr'>aan</span> <span class='ocrx_word' id='word_1_302' title='bbox 501 3202 581 3241; x_wconf 83' lang='lat' dir='ltr'>toe</span> <span class='ocrx_word' id='word_1_303' title='bbox 599 3203 645 3241; x_wconf 86' lang='lat' dir='ltr'>te</span> <span class='ocrx_word' id='word_1_304' title='bbox 671 3206 870 3253; x_wconf 80' lang='lat' dir='ltr'>voegen,</span> <span class='ocrx_word' id='word_1_305' title='bbox 901 3203 997 3242; x_wconf 91' lang='lat' dir='ltr'>wat</span> <span class='ocrx_word' id='word_1_306' title='bbox 1027 3203 1123 3243; x_wconf 87' lang='lat' dir='ltr'>met</span> <span class='ocrx_word' id='word_1_307' title='bbox 1155 3198 1236 3243; x_wconf 89' lang='lat' dir='ltr'>het</span> <span class='ocrx_word' id='word_1_308' title='bbox 1269 3207 1361 3254; x_wconf 87' lang='lat' dir='ltr'>oog</span> <span class='ocrx_word' id='word_1_309' title='bbox 1394 3215 1456 3255; x_wconf 90' lang='lat' dir='ltr'>op</span> <span class='ocrx_word' id='word_1_310' title='bbox 1491 3215 1530 3243; x_wconf 94' lang='lat' dir='ltr'>c.</span> <span class='ocrx_word' id='word_1_311' title='bbox 1562 3201 1646 3243; x_wconf 82' lang='lat'>64:</span> <span class='ocrx_word' id='word_1_312' title='bbox 1680 3202 1747 3243; x_wconf 88' lang='lat' dir='ltr'>ita</span> <span class='ocrx_word' id='word_1_313' title='bbox 1780 3198 2008 3244; x_wconf 88' lang='lat' dir='ltr'>codicillis</span> <span class='ocrx_word' id='word_1_314' title='bbox 2024 3199 2408 3255; x_wconf 78' lang='lat' dir='ltr'>praescripserat.</span> 
     </span>
     <span class='ocr_line' id='line_1_35' title="bbox 288 3255 2410 3314; baseline 0.001 -15"><span class='ocrx_word' id='word_1_315' title='bbox 288 3255 695 3312; x_wconf 86' lang='lat' dir='ltr'>waarschijnlijker</span> <span class='ocrx_word' id='word_1_316' title='bbox 741 3260 793 3302; x_wconf 92' lang='lat' dir='ltr'>is.</span> <span class='ocrx_word' id='word_1_317' title='bbox 833 3258 1105 3314; x_wconf 78' lang='lat' dir='ltr'>denegante,</span> <span class='ocrx_word' id='word_1_318' title='bbox 1139 3257 1386 3303; x_wconf 88' lang='lat' dir='ltr'>aoristisch</span> <span class='ocrx_word' id='word_1_319' title='bbox 1418 3258 1573 3313; x_wconf 79' lang='lat' dir='ltr'>gcbr.;</span> <span class='ocrx_word' id='word_1_320' title='bbox 1609 3258 1668 3303; x_wconf 86' lang='lat' dir='ltr'>de</span> <span class='ocrx_word' id='word_1_321' title='bbox 1701 3260 1913 3303; x_wconf 80' lang='lat' dir='ltr'>centurio</span> <span class='ocrx_word' id='word_1_322' title='bbox 1945 3260 2139 3314; x_wconf 83' lang='lat' dir='ltr'>weigert</span> <span class='ocrx_word' id='word_1_323' title='bbox 2167 3257 2262 3310; x_wconf 86' lang='lat' dir='ltr'>het,</span> <span class='ocrx_word' id='word_1_324' title='bbox 2295 3256 2410 3302; x_wconf 85' lang='lat' dir='ltr'>daar</span> 
     </span>
     <span class='ocr_line' id='line_1_36' title="bbox 287 3315 2407 3373; baseline 0.001 -16"><span class='ocrx_word' id='word_1_325' title='bbox 287 3317 374 3369; x_wconf 84' lang='lat' dir='ltr'>zijn</span> <span class='ocrx_word' id='word_1_326' title='bbox 405 3315 643 3370; x_wconf 87' lang='lat' dir='ltr'>goederen</span> <span class='ocrx_word' id='word_1_327' title='bbox 675 3316 1033 3372; x_wconf 85' lang='lat' dir='ltr'>geconfisceerd</span> <span class='ocrx_word' id='word_1_328' title='bbox 1062 3317 1215 3362; x_wconf 89' lang='lat' dir='ltr'>zullen</span> <span class='ocrx_word' id='word_1_329' title='bbox 1246 3316 1444 3362; x_wconf 90' lang='lat' dir='ltr'>worden</span> <span class='ocrx_word' id='word_1_330' title='bbox 1476 3334 1535 3362; x_wconf 92' lang='lat' dir='ltr'>en</span> <span class='ocrx_word' id='word_1_331' title='bbox 1567 3334 1656 3362; x_wconf 91' lang='lat' dir='ltr'>een</span> <span class='ocrx_word' id='word_1_332' title='bbox 1689 3322 1941 3362; x_wconf 80' lang='lat' dir='ltr'>testament</span> <span class='ocrx_word' id='word_1_333' title='bbox 1972 3316 2059 3362; x_wconf 87' lang='lat' dir='ltr'>dus</span> <span class='ocrx_word' id='word_1_334' title='bbox 2077 3315 2338 3373; x_wconf 73' lang='lat' dir='ltr'>overbodig</span> <span class='ocrx_word' id='word_1_335' title='bbox 2354 3318 2407 3361; x_wconf 88' lang='lat' dir='ltr'>is.</span> 
     </span>
    </p>

    <p class='ocr_par' dir='ltr' id='par_1_14' title="bbox 351 3374 2193 3434">
     <span class='ocr_line' id='line_1_37' title="bbox 351 3374 2193 3434; baseline 0.002 -17"><span class='ocrx_word' id='word_1_336' title='bbox 351 3376 418 3417; x_wconf 87' lang='lat'>16.</span> <span class='ocrx_word' id='word_1_337' title='bbox 452 3379 495 3419; x_wconf 87' lang='lat' dir='ltr'>et</span> <span class='ocrx_word' id='word_1_338' title='bbox 524 3380 677 3419; x_wconf 85' lang='lat' dir='ltr'>tamen</span> <span class='ocrx_word' id='word_1_339' title='bbox 708 3374 1080 3430; x_wconf 85' lang='lat' dir='ltr'>pulcherrimum,</span> <span class='ocrx_word' id='word_1_340' title='bbox 1121 3393 1159 3406; x_wconf 81' lang='lat'>===</span> <span class='ocrx_word' id='word_1_341' title='bbox 1198 3378 1410 3433; x_wconf 87' lang='lat' dir='ltr'>quamvis</span> <span class='ocrx_word' id='word_1_342' title='bbox 1440 3393 1596 3426; x_wconf 84' lang='lat' dir='ltr'>unum,</span> <span class='ocrx_word' id='word_1_343' title='bbox 1627 3377 1990 3434; x_wconf 84' lang='lat' dir='ltr'>pulcherrimum</span> <span class='ocrx_word' id='word_1_344' title='bbox 2021 3381 2193 3422; x_wconf 86' lang='lat' dir='ltr'>tamen.</span> 
     </span>
    </p>

    <p class='ocr_par' dir='ltr' id='par_1_15' title="bbox 351 3435 2023 3492">
     <span class='ocr_line' id='line_1_38' title="bbox 351 3435 2023 3492; baseline 0.001 -16"><span class='ocrx_word' id='word_1_345' title='bbox 351 3435 418 3477; x_wconf 89' lang='lat'>17.</span> <span class='ocrx_word' id='word_1_346' title='bbox 450 3437 697 3490; x_wconf 83' lang='lat' dir='ltr'>imaginem</span> <span class='ocrx_word' id='word_1_347' title='bbox 731 3438 851 3480; x_wconf 83' lang='lat' dir='ltr'>vitae</span> <span class='ocrx_word' id='word_1_348' title='bbox 883 3451 1013 3485; x_wconf 85' lang='lat' dir='ltr'>suae,</span> <span class='ocrx_word' id='word_1_349' title='bbox 1046 3451 1110 3479; x_wconf 88' lang='lat' dir='ltr'>sc.</span> <span class='ocrx_word' id='word_1_350' title='bbox 1142 3452 1228 3492; x_wconf 90' lang='lat' dir='ltr'>per</span> <span class='ocrx_word' id='word_1_351' title='bbox 1259 3438 1476 3480; x_wconf 87' lang='lat' dir='ltr'>virtutem</span> <span class='ocrx_word' id='word_1_352' title='bbox 1509 3442 1643 3481; x_wconf 87' lang='lat' dir='ltr'>actae</span> <span class='ocrx_word' id='word_1_353' title='bbox 1677 3436 1755 3489; x_wconf 76' lang='lat' dir='ltr'>(cf.</span> <span class='ocrx_word' id='word_1_354' title='bbox 1789 3453 1829 3481; x_wconf 91' lang='lat' dir='ltr'>c.</span> <span class='ocrx_word' id='word_1_355' title='bbox 1859 3438 1932 3488; x_wconf 85' lang='lat'>63,</span> <span class='ocrx_word' id='word_1_356' title='bbox 1964 3436 2023 3489; x_wconf 81' lang='lat'>8).</span> 
     </span>
    </p>

    <p class='ocr_par' dir='ltr' id='par_1_16' title="bbox 350 3491 2161 3550">
     <span class='ocr_line' id='line_1_39' title="bbox 350 3491 2161 3550; baseline 0.001 -14"><span class='ocrx_word' id='word_1_357' title='bbox 350 3494 419 3536; x_wconf 83' lang='lat'>18.</span> <span class='ocrx_word' id='word_1_358' title='bbox 451 3491 676 3538; x_wconf 84' lang='lat' dir='ltr'>bonarum</span> <span class='ocrx_word' id='word_1_359' title='bbox 710 3498 876 3538; x_wconf 84' lang='lat' dir='ltr'>artium</span> <span class='ocrx_word' id='word_1_360' title='bbox 910 3494 1085 3539; x_wconf 69' lang='lat' dir='ltr'>famam</span> <span class='ocrx_word' id='word_1_361' title='bbox 1122 3520 1171 3531; x_wconf 84' lang='lat'>—</span> <span class='ocrx_word' id='word_1_362' title='bbox 1208 3494 1266 3539; x_wconf 93' lang='lat' dir='ltr'>de</span> <span class='ocrx_word' id='word_1_363' title='bbox 1298 3510 1429 3539; x_wconf 87' lang='lat' dir='ltr'>roem</span> <span class='ocrx_word' id='word_1_364' title='bbox 1460 3511 1552 3539; x_wconf 87' lang='lat' dir='ltr'>van</span> <span class='ocrx_word' id='word_1_365' title='bbox 1584 3512 1671 3540; x_wconf 91' lang='lat' dir='ltr'>een</span> <span class='ocrx_word' id='word_1_366' title='bbox 1704 3494 1841 3540; x_wconf 90' lang='lat' dir='ltr'>edele</span> <span class='ocrx_word' id='word_1_367' title='bbox 1872 3491 2161 3550; x_wconf 82' lang='lat' dir='ltr'>gezindheid.</span> 
     </span>
    </p>

    <p class='ocr_par' dir='ltr' id='par_1_17' title="bbox 288 3552 2406 3668">
     <span class='ocr_line' id='line_1_40' title="bbox 351 3552 2406 3610; baseline 0.001 -16"><span class='ocrx_word' id='word_1_368' title='bbox 351 3552 418 3595; x_wconf 89' lang='lat'>19.</span> <span class='ocrx_word' id='word_1_369' title='bbox 450 3567 678 3605; x_wconf 85' lang='lat' dir='ltr'>sermone,</span> <span class='ocrx_word' id='word_1_370' title='bbox 696 3569 759 3598; x_wconf 89' lang='lat' dir='ltr'>sc.</span> <span class='ocrx_word' id='word_1_371' title='bbox 779 3553 1030 3610; x_wconf 87' lang='lat' dir='ltr'>tranquillo</span> <span class='ocrx_word' id='word_1_372' title='bbox 1050 3559 1097 3598; x_wconf 84' lang='lat' dir='ltr'>et</span> <span class='ocrx_word' id='word_1_373' title='bbox 1114 3554 1350 3606; x_wconf 81' lang='lat' dir='ltr'>lamiliari;</span> <span class='ocrx_word' id='word_1_374' title='bbox 1370 3554 1567 3599; x_wconf 83' lang='lat' dir='ltr'>staande</span> <span class='ocrx_word' id='word_1_375' title='bbox 1585 3560 1863 3610; x_wconf 85' lang='lat' dir='ltr'>tegenover:</span> <span class='ocrx_word' id='word_1_376' title='bbox 1882 3556 2098 3599; x_wconf 76' lang='lat' dir='ltr'>intentior</span> <span class='ocrx_word' id='word_1_377' title='bbox 2121 3568 2159 3582; x_wconf 56' lang='grc' dir='ltr'>Ξ</span> <span class='ocrx_word' id='word_1_378' title='bbox 2182 3555 2406 3598; x_wconf 86' lang='lat' dir='ltr'>severius.</span> 
     </span>
     <span class='ocr_line' id='line_1_41' title="bbox 288 3612 1021 3668; baseline 0.004 -14"><span class='ocrx_word' id='word_1_379' title='bbox 288 3613 545 3655; x_wconf 69' lang='lat' dir='ltr'>coercentis</span> <span class='ocrx_word' id='word_1_380' title='bbox 583 3628 619 3640; x_wconf 61' lang='grc' dir='ltr'><strong>Ξ</strong></span> <span class='ocrx_word' id='word_1_381' title='bbox 660 3612 1021 3668; x_wconf 86' lang='lat' dir='ltr'>terechtwijzen.</span> 
     </span>
    </p>
   </div>
  </div>
 </body>
</html>
