2574 3912
563 205 668 262 AB
706 203 1047 262 EXCESSU
1082 205 1233 262 DIVI
1269 202 1599 262 AUGUSTI
1636 203 1753 260 XV.
2153 210 2223 261 57

112 374 281 439 cepta
334 370 668 439 sapientiae,
727 366 827 423 ubi
883 372 971 422 tot
1025 387 1132 436 per
1186 386 1370 422 annos
1422 364 1697 422 meditata
1734 369 1881 423 ratio
1923 364 2230 422 adversum

107 464 505 520 imminentia?
545 466 636 519 cui
675 466 826 519 enim
862 464 1118 533 ignaram
1153 462 1330 518 fuisse
1367 465 1665 518 saevitiam
1706 461 1950 518 Neronis
1968 462 1998 517 ?
2037 481 2227 531 neque

113 558 268 615 aliud
320 578 625 630 superesse
683 564 818 630 post
874 563 1116 613 matrem
1172 558 1524 627 fratremque
1560 557 1915 622 interfectos,
1957 576 2128 626 quam
2167 563 2229 612 ut

112 653 440 712 educatoris
477 656 987 726 praeceptorisque
1026 672 1232 708 necem
1272 651 1544 708 adiceret.

218 828 419 887 LXIII.
495 827 797 887 Seneca’s
835 828 1067 885 laatste
1105 827 1518 901 gesprekken
1555 832 1687 884 met
1724 829 1846 899 ziin
1883 836 2118 884 vrouw.

64 1091 67 1093 μ
182 1012 360 1071 LXIII.
435 1013 548 1070 Ubi
612 1013 757 1070 haec
823 1019 996 1084 atque
1065 1013 1202 1071 talia
1258 1012 1415 1069 velut
1466 1016 1525 1068 in
1582 1005 1884 1068 commune
1942 1012 2225 1076 disseruit,
2251 1029 2272 1061 5

111 1107 506 1181 complectitur
556 1130 813 1175 uxorem,
855 1115 914 1165 et
950 1107 1242 1179 paululum
1280 1108 1559 1164 adversus
1598 1114 1965 1178 praesentem
1998 1107 2226 1174 {gxiiij-1:-

111 1204 303 1262 dinem
355 1205 603 1262 mollitus
654 1211 818 1275 rogat
858 1212 1118 1274 oratque,
1159 1195 1738 1274 temperaret'dolori
1774 1223 1888 1258 neu
1928 1209 2227 1259 aeternum
2477 1222 2499 1233 0

111 1304 443 1372 susciperet,
483 1300 591 1357 sed
627 1303 686 1356 in
714 1299 1198 1370 contemplatione
1219 1303 1373 1356 vitae
1392 1321 1497 1370 per
1517 1302 1789 1355 virtutem
1813 1303 1976 1355 actae
1999 1298 2226 1354 deside-

109 1399 256 1453 rium
312 1399 498 1453 mariti
553 1395 778 1452 solaciis
835 1395 1091 1451 honestis
1144 1395 1437 1451 toleraret.
1476 1395 1572 1452 illa
1610 1402 1810 1451 contra
1849 1394 1957 1450 sibi
1995 1414 2225 1464 quoque

112 1491 456 1549 destinatam
512 1499 752 1548 mortem
809 1480 1514 1571 adseverat.}nanumque
1553 1492 1910 1561 percussoris
1950 1485 2228 1568 exposcit}
2252 1515 2293 1547 10

51 1554 231 1651 sffim
267 1586 512 1644 ‘Seneca
568 1587 780 1658 gloriae
839 1590 960 1642 eius
1011 1607 1130 1642 non
1159 1572 1486 1651 nadversus,
1545 1585 1708 1642 simul
1745 1589 1971 1650 timore,
2006 1605 2080 1640 ne
2120 1585 2227 1640 sibi

110 1685 277 1740 unice
318 1682 585 1739 dilectam
624 1682 699 1739 ad
737 1685 969 1738 iniurias
1008 1682 1372 1752 relinqueret,
1413 1681 1599 1738 ‘vitae'
1621 1685 1803 1752 inquit
1825 1680 2228 1737 ‘delenimenta

111 1780 563 1834 monstraveram
600 1777 718 1844 tibi,
759 1784 822 1834 tu
859 1781 1056 1835 mortis
1079 1778 1255 1834 decus
1275 1780 1487 1834 mavis:
1509 1798 1629 1834 non
1649 1776 1922 1834 invidebo
1945 1776 2224 1846 exemplo.

113 1876 187 1930 sit
222 1873 388 1930 huius
423 1881 542 1930 tam
579 1873 743 1930 {ortis
783 1877 967 1930 exitus
1008 1877 1333 1930 constantia
1369 1894 1551 1944 penes
1590 1880 1865 1943 utrosque
1904 1893 2024 1942 par,
2061 1872 2226 1928 clari-

111 1968 323 2026 tudinis
361 1968 487 2039 plus
524 1971 583 2025 in
619 1977 721 2026 tuo
743 1967 893 2025 tine?
914 1976 1045 2039 post
1067 1989 1215 2039 quae
1237 1968 1448 2025 eodem
1466 1971 1583 2024 ictu
1602 1968 1838 2024 brachia
1864 1968 2018 2023 ferro
2039 1967 2225 2038 exsol-
2252 1985 2292 2018 15

110 2071 269 2121 vunt.
328 2063 569 2130 Seneca,
629 2068 899 2136 quoniam
956 2064 1134 2120 senile
1175 2085 1384 2135 corpus
1425 2070 1484 2120 et
1520 2084 1698 2134 parco
1737 2067 1893 2120 victu
1930 2069 2227 2119 tenuatum
2279 2131 2281 2135 Α

110 2159 268 2216 lenta
288 2150 504 2231 effugia*
519 2163 779 2232 sanguini
796 2159 1131 2231 praebebat,
1156 2180 1380 2216 crurum
1399 2180 1628 2230 quoque
1650 2166 1709 2215 et
1728 2159 2009 2230 poplitum
2047 2178 2226 2214 venas

111 2255 422 2327 abrumpit;
463 2260 766 2327 saevisque
805 2256 1149 2313 cruciatibus
1189 2255 1471 2315 defessus,
1511 2277 1586 2312 ne
1627 2255 1830 2312 dolore
1851 2274 1957 2311 suo
1978 2257 2227 2310 animum

109 2355 305 2408 uxoris
327 2351 661 2423 infringeret
681 2359 853 2422 atque
873 2355 998 2422 ipse
1019 2351 1263 2408 visendo
1286 2355 1407 2407 eius
1431 2357 1722 2407 tormenta
1743 2350 1817 2406 ad
1832 2353 2227 2421 inpatientiam

111 2445 494 2513 delaberetur,
534 2446 741 2504 suadet
778 2451 838 2504 in
876 2447 1028 2504 aliud
1068 2447 1391 2503 cubiculum
1428 2446 1764 2503 abscedere.
1808 2453 1867 2502 et
1912 2447 2223 2501 novissimo
2250 2471 2293 2503 20

203 2655 242 2696 1.
272 2655 543 2708 sapientiae,
576 2652 783 2698 bedoeld
812 2657 852 2699 is
884 2653 943 2698 de
976 2652 1193 2699 Stoische
1223 2652 1491 2710 philosofie.
1522 2655 1656 2705 ratio.
1689 2648 1875 2708 gedraz,
1908 2650 2225 2706 handelwiJ'ze.

199 2712 242 2755 3.
274 2711 478 2765 fratrem,
510 2712 844 2757 Britannicum.
1864 2724 1867 2726 ’

171 2768 322 2814 LXIII.
355 2771 397 2814 5.
430 2773 477 2815 in
508 2786 762 2825 commune,
801 2787 841 2800 =
878 2770 1046 2827 palam,
1080 2771 1140 2815 cf.
1174 2787 1214 2815 c.
1247 2773 1317 2814 52.

190 2827 1759 2886 mmmmmoenmwommehwkkm.

201 2889 245 2931 8.
277 2890 413 2939 vitae,
442 2887 520 2934 h.l.
551 2904 644 2933 van
673 2893 760 2944 zijn
791 2889 944 2934 leven.
1222 2906 1226 2910 ⁴

200 2947 243 2990 9.
275 2945 495 2992 toleraret
529 2963 568 2976 ==
607 2947 829 3004 dragelijk
859 2948 1042 2992 maken.

176 3006 245 3049 10.
275 3020 461 3051 manum
492 3010 786 3061 percussoris
817 3010 1039 3063 exposcit,
1071 3006 1171 3051 hier
1202 3004 1396 3060 feitelijk
1426 3007 1524 3050 niet
1554 3003 1773 3061 passend,
1807 3003 1920 3048 daar
1946 3007 1997 3060 zij
2016 3002 2118 3047 zich
2136 3002 2226 3047 zeli

112 3064 326 3108 wenscht
356 3070 405 3109 te
437 3064 643 3110 dooden.

174 3125 244 3167 12.
276 3126 410 3168 unice
441 3123 671 3174 dilectam.
704 3124 764 3168 cf.
797 3123 982 3169 Seneca
1011 3123 1096 3180 Ep.
1132 3126 1229 3175 104,
1262 3126 1316 3167 2:
1349 3121 1544 3167 Paulina
1573 3138 1735 3167 mea..
1755 3154 1764 3165 .
1783 3121 1894 3166 mihi
1910 3119 2226 3166 valetudinem

112 3197 263 3226 meam
294 3182 604 3227 commendat.
637 3182 755 3228 Cum
784 3186 928 3228 sciam
958 3186 1170 3239 spiritum
1199 3182 1320 3227 illius
1351 3184 1399 3226 in
1428 3197 1534 3226 meo
1566 3183 1701 3233 verti,
1732 3183 1922 3237 incipio,
1954 3185 2007 3225 ut
2027 3178 2094 3224 illi
2110 3195 2224 3223 con-

114 3240 277 3294 sulam,
307 3241 418 3286 mihi
450 3241 712 3287 consulere.

175 3302 244 3344 12.
278 3304 402 3345 vitae
432 3300 751 3353 delenimenta,
785 3299 844 3345 de
875 3299 1110 3346 middelen
1144 3316 1221 3344 om
1252 3299 1354 3343 zich
1385 3298 1467 3343 het
1497 3298 1636 3343 leven
1667 3296 1890 3354 dragelijk
1920 3302 1967 3342 te
1999 3296 2182 3341 maken.

175 3362 244 3404 13.
275 3358 498 3415 exemplo,
530 3359 611 3404 het
640 3362 680 3404 is
710 3359 913 3415 moeilijk
942 3363 1010 3404 uit
1038 3367 1086 3404 te
1102 3359 1272 3403 maken
1289 3358 1339 3402 of
1356 3357 1424 3402 dit
1441 3357 1534 3402 dat.
1553 3358 1604 3402 of
1620 3357 1710 3402 abl.
1727 3359 1765 3401 is
1783 3373 1791 3408 ;
1810 3372 1931 3401 voor
1948 3355 2041 3400 den
2058 3355 2148 3400 abl.
2166 3355 2223 3410 bij

111 3417 322 3463 invidere
339 3418 398 3463 cf.
419 3421 456 3470 1,
474 3421 531 3462 22
549 3436 558 3463 :
576 3435 636 3463 ne
652 3418 814 3463 hostes
830 3417 1019 3474 quidem
1035 3416 1514 3474 sepulturainvident;
1534 3432 1593 3460 en
1611 3415 1767 3461 Germ.
1780 3418 1837 3459 33
1852 3433 1861 3460 :
1877 3431 1937 3460 ne
1950 3414 2224 3471 spectaculo

113 3476 303 3533 quidem
317 3478 487 3533 proelii
502 3477 711 3522 invidere
731 3477 1007 3531 [sc.n0bis);
1027 3477 1342 3532 daarentegen
1359 3481 1454 3520 met
1471 3475 1564 3519 den
1582 3474 1676 3519 dat.
1698 3477 1765 3527 13,
1783 3477 1860 3519 53:
1883 3474 2047 3519 invidit
2078 3476 2224 3530 operi.

176 3539 245 3580 15.
277 3535 470 3581 brachia
504 3535 764 3587 exsolvunt,
795 3538 823 3580 i.
841 3552 888 3592 p.
903 3554 972 3581 v.:
1005 3553 1150 3581 venas
1182 3535 1443 3587 exsolvunt,
1477 3534 1537 3579 cf.
1569 3537 1611 3586 4,
1643 3536 1714 3585 22,
1751 3537 1818 3586 11,
1851 3536 1900 3585 3;

177 3597 246 3639 16.
276 3610 423 3651 parco
455 3598 591 3640 victa.
626 3595 686 3640 cf.
720 3611 759 3640 c.
791 3597 864 3639 45.

165 3656 244 3698 20.
277 3657 595 3709 inpatientiam
625 3680 684 3687 —
714 3653 972 3699 zwakheid.
1005 3653 1188 3706 suadet,
1220 3651 1419 3708 gevolgd
1451 3651 1573 3696 door
1604 3651 1696 3695 den
1727 3650 1867 3696 indic.
1900 3651 1963 3695 ef.
1992 3652 2033 3703 3,
2067 3652 2137 3695 53.
