2574 3912
618 163 722 220 AB
762 135 1100 220 ExcEssU
1137 163 1287 220 DIVI
1323 163 1654 248 AUGUSTI
1690 165 1806 222 xv.
2246 170 2281 222 9

485 354 583 412 IV.
659 354 757 412 De
796 353 1072 412 Parthen
1109 353 1457 427 belegeren
1494 355 1961 428 Tigranocerta.

144 501 174 533 &A
177 497 184 508 ἱ

240 516 332 573 IV.
406 515 491 573 Ea
530 516 664 573 dum
701 537 736 572 a
767 515 1096 573 Corbulone
1116 517 1367 573 tuendae
1389 516 1591 587 Syriae
1610 525 1902 588 parantur,
1926 525 2055 575 acto
2076 522 2282 590 raptim

171 616 393 684 agmine
426 612 756 673 Monaeses,
787 618 850 668 ut
885 613 1095 668 famam
1135 616 1223 668 sui
1259 616 1524 683 praeiret,
1564 635 1682 670 non
1719 613 1851 670 ideo
1890 618 2145 671 nescium
2185 622 2283 671 aut

173 711 465 765 incautum
520 707 801 779 Tigranen
840 707 1099 764 offendit.
1141 715 1527 778 occupaverat
1563 708 2041 779 Tigranocertam,
2081 710 2283 766 urbem

173 807 342 875 copia
395 803 766 860 defensorum
825 810 884 859 et
939 805 1323 874 magnitudine
1372 807 1661 860 moenium
1717 804 1981 861 validam.
2042 805 2117 862 ad
2172 807 2283 862 hoc

167 899 542 970 Nicephorius
602 902 781 955 amnis
832 899 983 955 haud
1026 899 1353 970 spernenda
1390 899 1690 956 latitudine
1727 908 1950 971 partem
1988 922 2279 958 murorum
2301 914 2323 948 ⁵

171 994 363 1060 ambit,
399 1000 458 1051 et
489 994 663 1051 ducta
694 998 893 1066 ingens
931 995 1105 1060 fossa,
1148 1015 1260 1065 qua
1299 995 1476 1051 fluvio
1515 995 1903 1052 dissidebatur.
1943 1000 2283 1067 inerantque

167 1091 374 1147 milites
415 1097 474 1147 et
507 1094 723 1161 provisi
759 1097 892 1146 ante
918 1098 1287 1160 commeatuS,
1310 1112 1554 1161 quorum
1577 1091 1855 1148 subvectu
1874 1096 2044 1163 pauci
2064 1093 2283 1149 avidius

169 1190 457 1257 progressi
479 1193 538 1242 et
556 1189 868 1256 repentinis
889 1186 1147 1242 hostibus
1172 1190 1541 1243 circumventi
1578 1190 1673 1243 ira.
1703 1191 1880 1258 magis
1921 1209 2091 1258 quam
2128 1195 2285 1245 metu

171 1288 398 1338 ceteros
438 1282 836 1339 accenderant.
878 1282 984 1338 sed
1017 1282 1225 1338 Partho
1252 1282 1326 1339 ad
1353 1283 1756 1353 exsequendas
1779 1283 2112 1340 obsidiones
2131 1284 2287 1340 nulla

169 1381 483 1433 comminus
506 1377 772 1434 audacia:
797 1381 940 1433 raris
965 1381 1181 1448 sagittis
1220 1399 1409 1448 neque
1450 1378 1674 1435 clausos
1713 1386 1965 1435 exterret
2004 1386 2062 1436 et
2100 1387 2282 1445 semet
2308 1400 2349 1433 10

172 1472 494 1530 frustratur.
554 1473 842 1529 Adiabeni
899 1494 1027 1530 cum
1079 1494 1421 1544 promovere
1480 1475 1662 1530 scalas
1721 1482 1780 1530 et
1831 1476 2286 1532 machinamenta

182 1571 516 1639 inciperent,
575 1568 748 1626 facile.
802 1568 1032 1635 detrusi,
1071 1590 1205 1625 mox
1250 1569 1682 1640 erumpentibus
1721 1574 1931 1627 nostris
1971 1570 2287 1627 caeduntur

2329 1639 2397 1677 ess

2252 1676 2327 1722 „s

244 1758 314 1815 V.
393 1757 669 1816 Corbulo
708 1759 856 1816 sluit
896 1779 1019 1817 een
1057 1759 1588 1833 wapenstilstand
1624 1766 1754 1818 met
1792 1761 2204 1834 VologaeseS.

242 1934 308 1992 V.
387 1934 640 1992 Corbulo
682 1943 890 2002 tamen,
934 1941 1191 2007 quamvis
1230 1937 1495 1994 secundis
1515 1938 1690 1995 rebus
1715 1942 1847 2005 suiS,
1872 1939 2288 1996 moderandum

177 2030 442 2088 fortunae
481 2039 639 2088 ratus
679 2036 830 2088 misit
870 2033 944 2088 acl
983 2031 1362 2103 Vologaesen,
1404 2038 1502 2103 qui
1542 2034 1970 2104 expostularent
2003 2039 2116 2092 vim
2154 2056 2288 2106 pro-

170 2130 394 2184 vinciae
451 2127 697 2184 illatam:
759 2132 977 2184 socium
1033 2133 1388 2199 amicumque
1443 2142 1652 2200 regem,
1695 2131 1960 2187 cohortes
1998 2131 2287 2188 Romanas
2314 2151 2354 2185 15

173 2222 594 2279 circumsederi.
638 2227 926 2279 omitteret
982 2227 1174 2294 potius
1234 2225 1610 2291 obsidionem,
1671 2233 1770 2282 aut
1819 2247 1882 2282 se
1941 2247 2172 2296 quoque
2228 2229 2288 2283 in

228 2426 304 2471 IV.
367 2430 405 2472 1.
439 2427 640 2472 tuendae
672 2427 855 2485 Syriae,
889 2429 948 2474 cf.
982 2432 1023 2482 3,
1055 2433 1140 2474 27:
1175 2429 1379 2475 tuendae
1410 2429 1654 2475 libertatis.

258 2488 299 2530 2.
362 2485 537 2531 famam
583 2491 670 2540 sui,
721 2489 779 2532 cf.
830 2491 896 2541 12,
945 2491 1029 2533 37:
1078 2490 1357 2546 supplicium
1402 2492 1508 2542 mei,
1555 2506 1615 2534 en
1660 2489 1777 2546 Nep.
1810 2490 1914 2546 Lys.
1950 2493 2041 2542 1,1:
2074 2499 2287 2546 magnam

169 2543 358 2601 reliquit
374 2549 445 2590 sui
462 2546 645 2591 famam.
662 2550 880 2602 praeiret,
898 2553 993 2592 met
1010 2547 1102 2592 den
1120 2565 1217 2593 acc.
1236 2555 1467 2604 geconstr.
1486 2548 1637 2594 alleen
1668 2550 1769 2594 hier
1799 2566 1858 2594 en
1890 2553 1930 2603 2,
1962 2553 2020 2595 83
2052 2566 2111 2594 en
2141 2553 2182 2599 6,
2215 2553 2286 2594 21.

258 2606 299 2648 3.
366 2603 752 2661 Tigranocertam,
787 2605 902 2651 deze
934 2606 1040 2651 stad
1070 2623 1168 2652 was
1201 2618 1436 2664 ongeveer
1467 2614 1548 2652 ten
1580 2607 1689 2664 tijde
1720 2625 1812 2653 van
1854 2607 2019 2654 Sulla's
2051 2609 2288 2654 dictatuur

171 2660 294 2707 door
338 2662 564 2719 Tigranes
609 2681 700 2709 van
746 2665 970 2725 Armeni&
1017 2667 1245 2722 gesticht;
1292 2670 1338 2712 in
1387 2670 1444 2712 69
1489 2685 1532 2712 v.
1568 2667 1618 2712 C.
1668 2684 1765 2712 was
1811 2673 1863 2724 zij
1914 2669 2035 2714 door
2066 2668 2286 2714 Lucullus

170 2728 421 2774 verwoest,
454 2723 580 2768 doch
610 2724 730 2768 later
759 2741 888 2770 weer
919 2742 1008 2770 een
1039 2726 1342 2781 aanzienlijke
1373 2726 1479 2771 stad
1510 2726 1780 2782 geworden.

259 2782 300 2824 5.
359 2781 689 2838 Nicephorius,
723 2783 837 2828 deze
868 2801 967 2829 was
999 2800 1088 2829 een
1119 2788 1317 2841 zijrivier
1348 2802 1441 2830 van
1473 2785 1567 2830 den
1599 2785 1949 2840 boven-Tigris,

258 2841 300 2942 ἶ.
363 2855 455 2943 {aa
488 2841 633 2886 fluvio
667 2842 984 2895 dissidebatur,
1016 2850 1162 2889 vert.:
1195 2861 1324 2890 waar
1356 2845 1415 2889 de
1448 2848 1591 2890 rivier
1619 2848 1718 2890 niet
1742 2844 2015 2890 voldoende
2030 2844 2284 2890 zekerheid

171 2913 260 2943 aan
301 2914 362 2944 oo
402 2931 411 2943 .

258 2960 299 3002 6.
362 2961 546 3002 inerant
574 2957 753 3012 milites,
786 2976 850 3004 sc.
882 2960 1095 3015 Romani,
1127 2961 1188 3006 nl.
1224 2965 1338 3007 1000
1368 2962 1624 3019 legionarii,
1657 2965 1683 3007 3
1717 2962 1939 3008 cohortes
1971 2965 2207 3007 sociorum
2225 2979 2284 3007 en

169 3017 198 3060 2
229 3016 332 3061 alae
364 3019 574 3074 equitum
606 3018 683 3071 (cf.
720 3022 787 3071 14,
819 3020 907 3073 26).

257 3077 299 3120 8.
362 3080 613 3132 repentinis
650 3092 689 3106 =
726 3084 923 3135 repente
954 3079 1290 3134 ingruentibus.

258 3137 330 3239 8.l
361 3138 432 3180 ira
466 3168 476 3179 .
510 3168 519 3180 .
552 3168 563 3180 .
598 3168 608 3180 .
650 3137 975 3189 accenderant,
1015 3147 1220 3194 zeugma,
1262 3154 1300 3167 =
1347 3141 1416 3183 ira
1447 3141 1590 3195 magis
1622 3139 1954 3192 accenderant,
1988 3154 2127 3195 quam
2156 3143 2284 3184 metu

169 3208 314 3248 percu
334 3200 481 3239 erant.

257 3255 298 3298 9.
360 3253 448 3298 sed
475 3251 651 3298 Partho
685 3286 694 3296 .
729 3287 738 3298 .
772 3286 782 3297 .
816 3287 825 3298 .
860 3253 987 3299 nulla
1019 3259 1276 3300 comminus
1307 3255 1524 3307 audacia,
1559 3257 1618 3301 cf.
1659 3256 1828 3301 Justin.
1871 3260 1943 3309 41,
1977 3259 2018 3310 2,
2052 3259 2106 3302 7:
2154 3272 2282 3301 com-

169 3312 320 3356 minus
349 3314 397 3357 in
429 3315 529 3357 acie
560 3313 782 3369 proeliari
813 3319 893 3358 aut
925 3313 1144 3359 obsessas
1175 3324 1440 3372 expugnare
1471 3315 1611 3361 urbes
1641 3319 1871 3361 nesciunt.

232 3372 300 3414 10.
363 3387 415 3416 se
441 3372 697 3428 frustratur
727 3397 784 3402 —
815 3373 919 3418 zich
950 3374 1218 3429 tevergeefs
1250 3374 1495 3419 aftobben.

229 3428 284 3473 V.
348 3433 415 3475 13.
447 3430 784 3475 moderandum
816 3464 826 3476 .
861 3464 871 3475 .
906 3466 915 3478 .
949 3465 959 3476 .
992 3439 1135 3486 ratus,
1169 3433 1229 3477 cf.
1262 3450 1300 3478 c.
1334 3436 1477 3486 3,12:
1510 3435 1814 3490 compositius
1833 3449 1971 3489 quam
1987 3432 2284 3478 festinantius

170 3495 323 3542 agere.
356 3488 708 3545 expostularent
736 3517 795 3523 —
824 3495 912 3547 zijn
943 3491 1112 3548 beklag
1142 3492 1379 3536 indienen.

180 3598 183 3601 .
233 3547 300 3591 16.
361 3552 529 3603 potius,
560 3548 604 3593 h.
622 3549 651 3593 1.
684 3548 826 3604 gebr.,
860 3566 935 3595 om
967 3550 1059 3596 den
1091 3551 1220 3596 eisch
1252 3553 1510 3606 eenigszins
1542 3555 1590 3596 te
1635 3550 1930 3603 verzachten,
1979 3566 2037 3594 en
2068 3554 2163 3594 met
2194 3565 2282 3594 een

168 3606 376 3651 verzoek
403 3608 540 3664 gelijk
570 3613 625 3652 te·
648 3608 829 3653 stellen.
