2574 3912
268 189 341 243 34
1016 184 1365 243 CORNELII
1400 185 1649 244 TACITI

269 351 522 405 atrocior
550 347 894 413 haberetur.;
918 346 1140 414 dehinc,
1163 368 1312 418 quae
1333 354 1541 405 natura
1561 352 1778 420 magnis
1799 349 2113 418 timoribuS,
2136 351 2393 410 deterius

267 443 602 509 credebant,
643 443 803 513 quod
843 451 1139 500 evenerat.

619 596 923 654 XXXVII.
999 596 1363 670 Uibgelaten
1400 597 1655 656 ieesten
1690 600 1760 655 in
1795 598 2018 657 Rome.

337 744 602 802 XXXVII.
642 744 770 815 Ipse
808 765 924 815 quo
963 744 1143 801 iidem
1183 748 1509 816 acquireret
1547 746 1685 802 nihil
1724 748 2249 818 usquam-perinde
2273 748 2393 806 lae-

263 849 386 899 tum
423 842 548 907 sibi,
588 840 832 912 publicis
871 840 1013 898 locis
1053 847 1277 898 struere
1317 845 1584 898 convivia
1604 848 1845 913 totaque
1866 843 2010 900 urbe
2032 847 2196 915 quasi
2218 844 2393 902 domo

218 955 240 987 ⁵
263 941 362 995 uti.
403 944 461 994 et
501 936 911 994 celeberrimae
950 936 1088 993 luxu
1127 938 1398 1008 famaque
1439 938 1646 1008 epulae
1683 939 1864 1005 fuere,
1894 931 2038 1010 quas
2061 960 2096 996 a
2115 938 2392 1012 Tigellino

263 1041 497 1105 paratas
554 1040 617 1090 ut
673 1033 1000 1104 exemplum
1052 1032 1319 1099 referam,
1371 1054 1446 1089 ne
1499 1037 1731 1105 saepius
1783 1034 1990 1092 eadem
2026 1035 2394 1108 prodigentia

262 1129 553 1187 narranda
589 1133 679 1186 sit.
716 1132 883 1200 igitur
921 1132 981 1185 in
1019 1136 1224 1200 stagno
1263 1129 1556 1201 Agrippae
1597 1130 1910 1187 fabricatus
1950 1139 2039 1188 est
2076 1139 2277 1199 ratem,
2300 1137 2393 1189 cui

263 1229 690 1297 superpositum
729 1228 1058 1282 convivium
1094 1229 1329 1282 navium
1350 1226 1589 1282 aliarum
1607 1234 1797 1284 tractu
1817 1234 2168 1285 moveretur.
2207 1249 2390 1286 naves

265 1343 407 1379 auro
462 1330 520 1379 et
579 1321 760 1378 ebore
819 1321 1154 1386 distinctae;
1213 1325 1575 1393 remigesque
1634 1323 1850 1379 exoleti
1905 1344 2010 1394 per
2067 1330 2294 1381 aetates
2333 1331 2392 1381 et

199 1443 240 1476 10
263 1422 561 1476 scientiam
599 1418 898 1474 libidinum
938 1416 1452 1488 componebantur.
1493 1418 1761 1474 volucres
1802 1426 1860 1475 et
1898 1419 2052 1475 ieras
2092 1420 2335 1477 diversis
2356 1442 2389 1476 e

261 1518 427 1571 terris
467 1521 526 1571 et
564 1513 833 1570 animalia
869 1517 1044 1570 maris
1086 1513 1327 1570 Oceano
1368 1513 1442 1570 ab
1465 1534 1651 1584 usque
1670 1518 1974 1585 petiverat.
1999 1515 2390 1586 crepidinibus

262 1614 448 1682 stagni
485 1610 784 1681 lupanaria
823 1608 1093 1667 astabant
1129 1609 1441 1666 illustribus
1481 1610 1706 1666 feminis
1745 1609 2050 1681 completa,
2092 1617 2151 1668 et
2188 1617 2392 1669 contra

262 1716 456 1764 scorta
492 1706 831 1763 visebantur
850 1706 1020 1763 nudis
1042 1706 1400 1776 corporibus.
1441 1708 1555 1763 iam
1575 1713 1770 1778 gestus
1792 1713 2100 1777 motusque
2121 1706 2389 1772 obsceni;

262 1810 322 1860 et
375 1810 686 1874 postquam
741 1802 1023 1859 tenebrae
1079 1801 1447 1868 incedebant,
1505 1809 1782 1873 quantum
1839 1806 2000 1859 iuxta
2037 1806 2292 1859 nemoris
2331 1810 2391 1860 et

197 1918 238 1952 1⁵
262 1903 628 1956 circumiecta
664 1905 819 1955 tecta
858 1919 1183 1955 consonare
1224 1906 1397 1955 cantu
1437 1905 1497 1955 et
1534 1898 1840 1955 luminibus
1881 1898 2216 1956 clarescere.
2262 1901 2391 1970 ipse

259 2017 365 2068 per
420 1996 573 2052 licita
631 2002 805 2066 atque
863 1994 1077 2051 inlicita
1133 1994 1401 2052 foedatus
1459 1994 1598 2051 nihil
1648 1994 1847 2066 flagitii
1903 1994 2230 2066 reliquerat,
2271 2015 2388 2066 quo

260 2095 586 2163 corruptior
633 2097 847 2162 ageret,
904 2094 1015 2147 nisi
1051 2111 1273 2161 paucos
1311 2097 1445 2162 post
1484 2091 1608 2147 dies
1645 2093 1744 2147 uni
1784 2112 1858 2147 ex
1894 2091 1990 2148 illo
2030 2090 2387 2148 contamina-

259 2196 451 2245 torum
507 2200 678 2259 grege
733 2187 966 2255 (nomen
1022 2186 1383 2259 Pythagorae
1441 2187 1565 2255 fuit)
1625 2190 1684 2243 in
1741 2186 1978 2243 modum
2028 2186 2388 2243 sollemnium

261 2287 655 2355 coniugiorum
713 2283 1095 2354 denupsisset.
1152 2282 1395 2340 inditum
1447 2285 1781 2354 imperatori
1833 2282 2175 2349 flammeum.
2230 2285 2389 2339 missi

352 2487 391 2529 1.
423 2482 672 2528 haberetur
703 2498 749 2515 =
787 2488 928 2529 esset.

318 2543 539 2589 XXXVII.
571 2546 612 2589 3.
673 2542 869 2599 perinde
900 2541 1084 2597 laetum.
1117 2560 1182 2588 sc.
1214 2548 1358 2600 atque
1388 2546 1437 2588 in
1468 2542 1586 2589 urbe
1616 2558 1875 2588 remanere.

348 2606 390 2647 4.
422 2601 623 2659 publicis
642 2636 651 2646 .
671 2637 681 2648 .
701 2606 959 2655 .convivia.
1008 2602 1068 2647 cf.
1116 2601 1246 2648 Suet.
1293 2602 1420 2648 Nero
1454 2606 1533 2648 27:
1585 2602 1923 2658 cenitabatque
1955 2615 2308 2658 nonnumquam
2339 2605 2388 2647 et

259 2665 307 2708 in
336 2662 544 2719 publico,
576 2662 854 2708 naumachia
884 2663 1134 2719 praeclusa
1163 2663 1240 2707 vel
1271 2662 1444 2708 Martio
1479 2678 1647 2719 campo
1679 2661 1756 2707 vel
1788 2664 1915 2706 circo
1947 2663 2148 2706 maximo
2167 2693 2178 2705 .
2197 2694 2206 2705 .
2226 2693 2237 2705 .
2257 2693 2268 2705 .

347 2724 389 2766 5.
422 2722 749 2766 celeberrimae
780 2720 892 2766 luxu
925 2720 1159 2777 famaque,
1194 2722 1253 2766 cf.
1287 2738 1328 2766 c.
1360 2724 1442 2767 50:
1474 2725 1572 2767 vita
1602 2721 1822 2777 famaque
1856 2720 2111 2766 laudatum.

349 2785 391 2826 5.
425 2797 454 2826 α
492 2780 726 2838 Tigellirm.
760 2797 879 2826 over
912 2781 1166 2837 Tigellinus
1200 2782 1259 2826 cf.
1297 2784 1365 2835 14,
1398 2784 1470 2826 51.

349 2844 389 2885 7.
405 2843 451 2885 in
468 2846 635 2897 stagno
652 2839 912 2898 Agrippae,
930 2839 989 2885 de
1006 2843 1143 2894 juiste
1160 2840 1329 2898 ligging
1344 2840 1535 2886 hiervan
1547 2841 1585 2884 is
1601 2841 1699 2884 niet
1716 2837 1920 2892 bekend.
1938 2854 2045 2884 men
2060 2836 2309 2884 vermoedt
2322 2854 2386 2896 op

261 2899 353 2944 den
385 2916 578 2956 campus
610 2900 865 2957 Agrippae,
885 2905 964 2944 ten
983 2898 1167 2945 Oosten
1198 2916 1291 2945 van
1324 2900 1416 2945 den
1443 2914 1637 2955 campus
1648 2897 1863 2951 Martius,
1881 2897 1940 2942 cf.
1959 2896 2133 2944 Strabo
2155 2900 2224 2951 13.
2245 2900 2284 2952 1,
2305 2900 2384 2943 19:

259 2961 528 3017 ἐντεῦθεν
584 2960 669 3027 (ἐκ
707 2960 1039 3032 Λαμψάκου)
1082 2964 1139 3017 δὲ
1198 2965 1522 3033 μετήνεγκεν
1561 2960 1874 3032 Ἀγρίππας
1914 2962 2007 3015 τὸν
2046 2962 2384 3016 πεπτωκότα
2477 2981 2482 2987 ·
2572 3003 2574 3010 .

262 3037 476 3095 λέοντα,
534 3036 817 3090 Λυσίππου
876 3038 1054 3106 ἔργον·
1117 3037 1358 3108 ἀνέθηκε
1418 3038 1476 3090 δὲ
1535 3037 1587 3090 ἐν
1628 3058 1706 3105 τῳ
1748 3038 1904 3089 ἄλσει
1941 3035 2019 3106 τῷ
2047 3035 2249 3106 μεταξὺ
2287 3034 2385 3103 τῆς

260 3111 441 3180 λίμνης
485 3111 581 3164 καὶ
620 3115 716 3165 τόῢ
755 3111 993 3180 εὐρίπου·

349 3184 390 3226 8.
423 3184 613 3226 navium
645 3180 857 3235 aliarum,
891 3182 1005 3226 daar
1035 3181 1136 3227 vlot
1168 3197 1228 3226 en
1258 3180 1392 3238 schip
1426 3179 1576 3226 onder
1606 3179 1842 3226 hetzelfde
1874 3179 2036 3236 begrip
2067 3177 2235 3226 vallea.

323 3243 391 3285 10.
426 3240 626 3285 diversis
656 3267 714 3274 —
745 3241 879 3286 veraf
910 3241 1118 3297 gelegen.

323 3303 391 3343 11.
428 3299 621 3345 Oceano
639 3299 699 3344 ab
715 3315 875 3356 usque,
895 3301 954 3345 cf.
986 3303 1053 3353 13.
1071 3302 1127 3344 47
1148 3316 1157 3344 ε
1176 3299 1366 3345 Tiberio
1385 3298 1444 3343 ab
1462 3315 1632 3356 usque:
1651 3315 1773 3344 voor
1791 3297 1850 3343 ab
1863 3313 2011 3355 usque
2029 3296 2090 3342 cf.
2106 3294 2244 3351 Verg.
2260 3294 2385 3341 Aen.

261 3362 302 3411 7,
335 3361 443 3403 288:
478 3365 525 3403 et
556 3360 731 3404 laetum
763 3360 961 3404 Aenean
994 3359 1288 3415 classemque
1320 3374 1378 3403 ex
1411 3359 1604 3403 aethere
1635 3358 1776 3415 longo
1794 3357 2079 3410 Dardaniam
2095 3353 2253 3401 Siculo
2270 3370 2383 3413 pro-

260 3421 412 3474 spexit
444 3418 503 3462 ab
536 3435 686 3475 usque
717 3418 955 3475 Pachyno.
989 3417 1317 3474 crepidinibus.
1349 3420 1377 3462 i.
1410 3433 1456 3474 p.
1489 3435 1557 3462 v.:
1591 3420 1638 3463 in
1665 3415 1997 3474 crepidinibus.

324 3480 390 3522 14.
423 3478 701 3522 incedebant
738 3500 775 3513 =
818 3477 1103 3523 oriebantur.

323 3539 389 3580 17.
409 3540 842 3590 contaminatorum.
861 3537 921 3581 cf.
941 3537 1053 3582 Hor.
1074 3535 1211 3581 Carm
1233 3539 1270 3589 1.
1289 3538 1359 3589 37.
1378 3538 1406 3581 9
1425 3554 1433 3581 :
1455 3569 1464 3579 .
1486 3570 1495 3581 .
1515 3569 1524 3579 .
1543 3537 1866 3580 contaminato
1901 3549 2006 3579 cum
2023 3540 2161 3589 grege
2178 3534 2382 3589 turpium

263 3594 435 3640 Morbo
467 3599 675 3641 virorum
694 3629 703 3639 .
724 3628 734 3640 .
755 3629 764 3639 .
784 3628 794 3639 .
2364 3602 2366 3605 “

321 3657 388 3699 19.
421 3658 556 3699 missi
585 3658 821 3711 auspices,
854 3671 918 3700 sc.
953 3671 979 3700 a
1011 3654 1296 3711 Pythagora.

2548 3533 2574 3912 ὲ
