2574 3912
305 167 378 220 42
1057 163 1404 221 CORNELII
1440 163 1688 222 TACITI

305 324 398 382 ille
435 324 671 383 libertus
708 328 1047 396 cuicumque
1087 325 1302 397 flagitio
1359 333 1689 398 promptus;
1747 326 1838 383 hic
1896 325 2126 385 Graeca
2182 327 2445 385 doctrina

308 444 410 480 ore
448 429 618 479 tenus
658 425 945 479 exercitus
985 426 1239 479 animum
1276 422 1445 479 bonis
1469 422 1686 480 artibus
1705 444 1826 480 non
1844 423 2129 480 induerat.
2153 423 2446 481 ferebatur

309 518 551 584 Seneca,
614 538 730 588 quo
786 517 1060 574 invidiam
1120 518 1406 588 sacrilegii
1464 539 1501 574 a
1557 525 1744 575 semet
1802 525 2109 585 averteret,
2149 519 2446 591 longinqui

307 617 452 671 ruris
509 634 807 670 secessum
866 617 1147 679 oravisse,
1201 620 1258 670 et
1311 622 1623 685 postquam
1660 635 1779 671 non
1819 614 2269 681 concedebatur,
2309 614 2448 672 ficta

264 738 285 771 5
308 709 655 776 valetudine,
699 713 865 780 quasi
904 722 1078 781 aeger
1117 713 1328 775 nervis,
1359 709 1683 766 cubiculum
1703 731 1824 767 non
1846 723 2130 782 egressus.
2151 709 2445 768 tradidere

310 806 543 877 quidam
598 826 888 861 venenum
945 809 1000 861 ei
1036 826 1143 877 per
1179 805 1449 862 libertum
1487 809 1684 876 ἱρείας,
1727 809 1818 862 cui
1855 827 2070 862 nomen
2121 805 2444 874 CleonicuS,

307 909 571 974 paratum
627 905 787 958 iussu
841 900 1089 958 Neronis
1141 905 1501 972 vitatumque
1555 923 1590 958 a
1629 901 1856 959 Seneca
1890 902 2229 973 proditione
2257 900 2447 960 liberti
2516 940 2517 945 =

310 1018 414 1054 seu
449 1001 685 1069 propria
723 997 1044 1063 formidine,
1086 997 1223 1054 dum
1260 1019 1365 1069 per
1405 998 1719 1069 simplicem
1757 1002 1974 1055 victum
2014 1005 2073 1055 et
2126 998 2446 1070 agrestibus

309 1098 496 1166 pomis
537 1114 621 1160 ac,
662 1097 710 1150 si
748 1097 869 1151 sitis
909 1094 1269 1160 admoneret,
1310 1094 1639 1164 profluente
1680 1115 1834 1165 aqua
1871 1099 2049 1152 vitam
2087 1094 2312 1152 tolerat.
2435 1100 2506 1180 s*

636 1293 845 1351 XLVI.
922 1293 1619 1368 Gladiatorenopstand
1656 1297 1724 1352 in
1757 1295 2125 1352 Praeneste.

247 1493 289 1526 1⁰
383 1478 567 1536 XLVI.
618 1478 726 1534 Per
777 1478 933 1535 idem
970 1486 1199 1550 tempus
1239 1478 1585 1549 gladiatores
1625 1479 1783 1550 apud
1821 1478 2097 1550 oppidum
2131 1478 2444 1535 Praeneste

311 1581 593 1646 temptata
652 1578 956 1646 eruptione
1014 1575 1306 1646 praesidio
1358 1574 1564 1642 militis,
1606 1579 1705 1646 qui
1743 1582 1938 1632 custos
1980 1574 2161 1641 adest,
2210 1577 2448 1631 co'e'rciti

314 1678 461 1738 sunt,
517 1675 633 1727 iam
671 1670 1015 1742 Spartacum
1054 1678 1112 1727 et
1151 1679 1356 1728 vetera
1393 1671 1545 1728 mala
1583 1671 1908 1728 rumoribus
1947 1671 2172 1727 ferente
2209 1670 2445 1742 populo,

313 1775 378 1825 ut
416 1774 507 1852 est
543 1788 826 1825 novarum
862 1788 1054 1824 rerum
1094 1771 1330 1839 cupiens
1369 1768 1749 1839 pavidusque.
1771 1789 1881 1825 nec
1902 1767 2080 1824 multo
2100 1774 2234 1839 post
2252 1766 2461 1824 clades'

314 1867 397 1921 rei
445 1864 666 1921 navalis
725 1867 1016 1935 accipitur,
1055 1885 1175 1921 non
1212 1864 1367 1921 bello
1409 1865 1643 1936 (quippe
1682 1865 1839 1921 haud
1878 1864 2019 1920 alias
2057 1870 2176 1920 tam
2212 1867 2448 1920 immota

251 1983 291 2016 15
313 1962 477 2032 pax);
538 1960 644 2017 sed
694 1967 915 2017 certum
955 1960 1030 2017 ad
1071 1961 1223 2017 diem
1260 1963 1320 2016 in
1361 1959 1738 2032 Campaniam
1776 1960 1968 2017 redire
2009 1959 2251 2016 classem
2289 1958 2446 2016 Nero

314 2061 577 2122 iusserat,
617 2077 738 2113 non
777 2061 1036 2128 exceptis
1075 2059 1248 2113 maris
1281 2057 1527 2114 casibus.
1570 2069 1708 2128 ergo
1730 2056 2164 2128 gubernatoreS,
2186 2058 2447 2127 quamvis

317 2156 614 2210 saeviente
653 2153 876 2226 pelagm
920 2174 954 2209 a
991 2152 1231 2209 Formiis
1270 2174 1535 2218 movere:
1579 2160 1637 2209 et
1673 2156 1833 2224 gravi
1869 2152 2088 2218 Africo,
2131 2151 2268 2209 dum
2310 2172 2447 2223 pro-

316 2252 663 2306 munturium
701 2250 914 2305 Miseni
953 2270 1229 2320 superare
1253 2249 1628 2315 contendunt,
1655 2248 1926 2306 Cumanis
1947 2248 2211 2305 litoribus
2232 2249 2447 2319 inpacti
2487 2305 2515 2331 s,

316 2349 631 2403 triremium
669 2345 980 2417 plerasque
1023 2353 1081 2402 et
1119 2349 1344 2402 minora
1382 2349 1610 2418 navigia
1647 2349 1861 2416 passim
1900 2348 2227 2401 amiserunt.
2394 2349 2466 2423 ss

2363 2427 2392 2461 s'

939 2461 2447 2523 *—.ffl-————-.--—A-

409 2628 453 2671 2.
487 2642 569 2671 ore
599 2631 747 2679 tenus,
780 2626 954 2671 slechts
986 2632 1082 2672 met
1115 2626 1207 2671 den
1238 2626 1396 2680 mond.
1431 2626 1490 2671 cf.
1524 2644 1564 2672 c.
1596 2629 1652 2671 6:
1686 2628 1875 2672 nomine
1909 2631 2059 2672 tenus.

408 2689 449 2731 5.
481 2697 623 2742 aeger
668 2692 834 2739 nervis,
883 2702 971 2731 aan
1017 2686 1255 2742 neuralgie
1285 2686 1511 2742 lijdende;
1547 2686 1607 2731 cf.
1639 2685 1767 2731 Suet.
1798 2685 1938 2743 Vesp.
1971 2689 2022 2731 7:
2054 2690 2253 2742 propter
2276 2699 2448 2730 nervo-

320 2762 423 2791 rum
468 2745 786 2791 valetudinem
833 2748 910 2790 vix
941 2746 1137 2802 ingredi.
1172 2757 1404 2802 egressus,
1439 2762 1478 2791 c.
1512 2762 1609 2791 acc.
1643 2751 1895 2801 geconstr..
1930 2745 1989 2790 cf.
2025 2748 2063 2798 1,
2095 2746 2167 2798 30.
2200 2747 2256 2790 5:
2289 2743 2449 2800 egredi

321 2807 541 2850 tentoria.

408 2866 450 2908 8.
481 2879 566 2919 per
612 2862 868 2919 simplicem
918 2866 1098 2917 victum,
1149 2864 1208 2909 cf.
1258 2863 1442 2910 Seneca
1488 2863 1636 2921 Epist.
1683 2866 1769 2909 83:
1818 2866 1953 2920 panis
2001 2861 2172 2908 deinde
2213 2864 2368 2908 siccus
2400 2866 2448 2906 et

321 2925 420 2967 sine
452 2939 614 2968 mensa
643 2923 903 2979 prandium,
935 2929 1045 2979 post
1078 2923 1209 2980 quod
1240 2940 1337 2969 non
1369 2929 1475 2969 sunt
1507 2923 1736 2968 lavandae
1766 2939 1943 2968 manus.
1975 2923 2170 2969 Dormio
2197 2924 2448 2968 minimum.

323 2982 725 3028 Consuetudinem
756 2999 907 3028 meam
939 2986 1092 3027 nosti:
1128 2983 1404 3028 brevissimo
1438 2999 1606 3028 somno
1639 2988 1749 3028 utor
1779 2988 1828 3026 et
1859 2985 1993 3040 quasi
2015 2984 2295 3038 interiungo.

408 3043 451 3086 8.
484 3041 762 3098 agrestibus,
796 3043 855 3087 cf.
889 3041 1046 3087 Germ.
1080 3045 1164 3087 23:
1200 3045 1400 3098 agrestia
1430 3058 1585 3099 poma,
1619 3058 1678 3087 en
1706 3042 2043 3098 Verg.Aen.7‚
2067 3044 2167 3086 111:
2187 3047 2235 3086 et
2251 3039 2448 3086 Cereale

321 3099 472 3146 solum
503 3104 658 3158 pomis
692 3100 954 3157 agrestibus
987 3108 1184 3157 augent;
1224 3117 1267 3131 Ξ
1305 3103 1353 3146 in
1387 3103 1420 3145 't
1451 3101 1563 3146 wild
1595 3103 1834 3157 groeiend.

379 3159 609 3206 XLV1.10.
622 3161 751 3216 apud
760 3164 867 3205 =in.
886 3159 1154 3205 Praeneste.
1173 3167 1371 3217 tegenw.
1385 3160 1659 3213 Palestrina.
1672 3163 1719 3205 in
1738 3161 1797 3206 de
1815 3161 1955 3206 buurt
1971 3176 2063 3205 van
2075 3159 2224 3205 Rome
2240 3156 2447 3214 gelegen.

386 3221 454 3264 12.
489 3219 783 3275 Spartacum,
818 3220 876 3265 de
910 3220 1114 3275 opstand
1146 3236 1237 3265 van
1270 3220 1525 3276 Spartacus
1558 3219 1741 3265 duurde
1774 3236 1866 3265 van
1899 3222 2070 3265 73-71
2105 3234 2149 3263 v.
2182 3217 2234 3263 C.

384 3281 452 3322 12.
484 3277 751 3323 rumoribus
785 3279 971 3331 ferente,
1004 3278 1289 3335 Mspreken.
1331 3289 1473 3323 orem·

384 3341 452 3381 17.
485 3338 698 3389 Formiis,
746 3338 976 3389 Formiae,
1025 3355 1115 3383 een
1162 3338 1267 3383 stad
1299 3341 1345 3383 in
1379 3337 1560 3383 Latium
1592 3338 1812 3394 gelegem
1846 3354 1953 3383 men
1984 3334 2243 3384 vermoedt.
2276 3334 2357 3380 dat
2389 3334 2448 3379 de

322 3398 488 3441 ruinen
522 3397 579 3453 bij
613 3397 744 3442 Mola
776 3397 822 3442 di
855 3397 1010 3443 Gaeta
1043 3414 1093 3442 er
1126 3397 1184 3442 de
1219 3397 1567 3452 overblijfselen
1599 3413 1691 3442 van
1723 3401 1824 3453 zijn.

385 3458 452 3500 17.
484 3460 853 3512 promunturium
899 3456 1075 3501 Miseni
1106 3458 1149 3508 (i.
1168 3474 1213 3513 p.
1232 3474 1275 3502 v.
1307 3457 1571 3509 Misenum).
1604 3459 1651 3500 in
1684 3455 1955 3514 Campanie,
1988 3460 2187 3511 tegenw.
2219 3453 2371 3498 Punta
2403 3452 2450 3498 di

322 3513 536 3567 Miseno;
571 3515 802 3560 Misenum
835 3532 931 3560 was
963 3532 1052 3560 een
1085 3519 1259 3560 station
1292 3532 1412 3561 voor
1444 3516 1503 3560 de
1536 3516 1684 3560 vloot.

388 3576 453 3618 18.
488 3573 726 3627 Cumanis.
761 3574 936 3620 Cumae
970 3575 1042 3630 lag
1075 3580 1154 3619 ten
1186 3575 1241 3619 N.
1273 3590 1365 3620 van
1398 3575 1645 3619 Misenum.

386 3636 453 3678 19.
487 3632 753 3690 plerasque,
787 3651 894 3678 zeer
925 3635 1060 3686 vele;
1094 3637 1288 3690 passim,
1321 3634 1396 3678 h.l.
1437 3650 1475 3662 =
1515 3637 1562 3679 in
1594 3635 1813 3689 menigte.
