2574 3912
337 146 405 200 16
1083 142 1430 200 CORNELII
1465 143 1715 201 TACITI

332 306 627 378 pularibus
697 309 1011 377 praecipua
1080 309 1294 363 servati
1363 310 1500 363 civis
1574 327 1792 363 corona
1854 310 2223 378 imperatoria
2285 331 2459 368 manu

332 403 700 467 tribueretur,
743 401 902 472 quod
938 401 1077 458 illud
1117 408 1175 471 et
1200 409 1476 473 quantum
1498 401 1692 469 decus,
1717 389 1816 460 ubi
1834 424 1939 474 par
1961 424 2162 461 eorum
2185 426 2459 464 numerus

333 503 702 570 aspiceretur,
725 501 822 568 qui
843 497 1182 555 adtulissent
1203 498 1448 555 salutem
1488 506 1545 560 et
1585 502 1680 570 qui
1719 500 2113 570 accepissent!
2154 500 2240 558 his
2279 509 2455 574 atque

332 594 542 651 talibus
581 598 640 650 in
679 614 982 651 commune
1022 594 1240 650 alacres
1282 594 1363 662 (et
1401 602 1567 652 erant
1605 616 1752 666 quos
1789 595 2047 666 pericula
2083 596 2323 655 fratrum
2357 606 2458 657 aut

289 720 311 754 5
333 694 786 762 propinquorum
850 693 1096 761 propriis
1163 691 1402 748 stimulis
1476 690 1875 760 incenderent]
1950 695 2284 750 continuum
2359 694 2461 752 diu

332 794 624 858 noctuque
661 790 770 843 iter
807 786 1218 858 properabant.

475 979 728 1061 ΜΗΘ
768 980 1002 1051 positie
1037 998 1164 1036 van
1201 979 1436 1035 Paetus
1475 978 1679 1036 wordt
1717 999 1869 1036 zeer
1905 979 2161 1037 kritiek.

405 1132 817 1220 XIII..⁷“‘'E0que
874 1153 1147 1205 intentius
1205 1149 1559 1220 Vologaeses
1616 1171 1880 1220 premere
1936 1150 2227 1218 obseSSOS,
2272 1152 2448 1209 modo

333 1245 545 1302 vallum
563 1245 863 1316 legionum,
888 1246 1063 1302 modo
1087 1245 1399 1311 castellum,
1423 1266 1536 1316 quo
1560 1245 1784 1302 inbellis
1818 1252 1979 1303 aetas
2012 1246 2453 1314 defendebatur,

335 1341 682 1412 adpugnare,
721 1344 957 1412 propius
995 1341 1288 1407 incedenS,
1332 1362 1504 1412 quam
1541 1363 1666 1398 mos
1704 1341 1939 1408 Parthis,
1973 1345 2021 1398 si
2048 1363 2119 1399 ea
2137 1347 2463 1411 temeritate

269 1445 311 1479 ¹⁰
332 1436 559 1494 hostem
599 1441 658 1494 in
698 1437 978 1508 proelium
1010 1437 1259 1494 eliceret.
1298 1444 1358 1494 at
1395 1437 1471 1493 illi
1509 1441 1605 1494 vix
1645 1438 2035 1494 contuberniis
2073 1439 2310 1506 extrahi,
2353 1461 2464 1497 nec

334 1533 490 1590 aliud
547 1554 718 1604 quam
775 1537 1126 1590 munimenta
1167 1534 1626 1605 propugnabant,
1670 1555 1806 1605 pars
1845 1538 2002 1591 iussu
2043 1533 2222 1602 duciS,
2263 1542 2322 1593 et
2361 1536 2469 1593 alii

332 1634 566 1702 propria
585 1633 827 1701 ignavia,
851 1636 949 1686 aut
971 1629 1361 1686 Corbulonem
1388 1633 1774 1701 opperienteS,
1799 1651 1867 1686 ac
1899 1634 1985 1687 vis
2025 1634 2119 1694 (εἰ)
2156 1634 2461 1704 ingrueret,

334 1729 578 1797 provisis
647 1726 925 1796 exemplis
994 1730 1202 1797 <pacis>
1273 1725 1571 1783 Caudinae
1640 1726 2170 1798 Numantinaeque:
2229 1733 2469 1799 (neque)

335 1821 581 1879 eandem
648 1826 763 1878 vim
821 1822 1188 1888 SamnitibuS,
1247 1823 1440 1879 Italico
1498 1823 1733 1894 populo,
1791 1843 1859 1880 ac
1915 1823 2150 1890 Parthis,
2209 1823 2456 1882 Romani

271 1936 311 1970 1⁵
333 1921 554 1990 imperii
575 1918 827 1975 aemulis.
847 1918 1096 1975 validam
1117 1940 1350 1990 quoque
1371 1926 1429 1976 et
1447 1918 1740 1976 laudatam
1760 1923 2173 1990 antiquitatem,
2193 1923 2462 1991 quotiens

336 2014 568 2071 fortuna
589 2022 790 2072 contra
811 2015 992 2081 daret,
1015 2015 1184 2072 saluti
1205 2015 1586 2090 consuluisse..
1609 2036 1724 2086 qua
1745 2014 2151 2086 desperatione
2173 2019 2461 2073 exercitus

339 2110 458 2167 dux
497 2111 770 2168 subactus
809 2115 1021 2182 primas
1060 2118 1254 2168 tamen
1291 2111 1511 2169 litteras
1536 2111 1611 2167 ad
1631 2110 2003 2182 Vologaesen
2022 2131 2141 2168 non
2161 2110 2468 2183 suppliceS,

397 2386 400 2389 ·
431 2371 469 2414 1.
530 2372 788 2425 praecipua
828 2385 867 2399 =
909 2369 976 2414 als
1007 2386 1098 2415 een
1128 2369 1398 2426 bijzondere
1430 2368 1839 2425 onderscheiding,
1874 2369 1933 2414 cf.
1966 2369 2083 2414 Plin.
2115 2368 2171 2414 H.
2202 2368 2258 2414 N.
2303 2371 2373 2420 16,
2425 2365 2468 2423 4ss

342 2431 423 2474 13:
457 2435 658 2486 accepta
687 2430 799 2474 licet
828 2431 897 2473 uti
927 2435 1191 2486 perpetum
1226 2428 1348 2474 ludis
1378 2432 1560 2474 ineunti
1591 2445 1777 2486 semper
1808 2427 1995 2486 adsurgi
2027 2431 2169 2474 etiam
2200 2428 2261 2474 ab
2292 2434 2470 2475 senatu

338 2491 386 2534 in
417 2504 548 2533 more
579 2499 663 2542 est,
695 2487 894 2534 sedendi
923 2492 995 2534 ius
1025 2491 1074 2534 in
1103 2491 1320 2546 proximo
1353 2492 1567 2542 senatui:
1600 2491 1790 2535 vacatio
1831 2504 2074 2534 munerum
2121 2490 2327 2535 omnium
2379 2490 2471 2546 ipsi

338 2549 559 2606 patrique
591 2554 639 2593 et
672 2564 762 2593 avo
794 2553 1012 2605 paterno.
2463 2567 2466 2573 Δ

428 2611 469 2652 2.
533 2607 613 2652 ubi
644 2640 654 2651 .
688 2640 698 2651 .
733 2641 743 2652 .
779 2640 788 2651 .
821 2611 1133 2664 accepissent,
1181 2606 1241 2652 de
1289 2605 1567 2653 beteekenis
1614 2610 1682 2653 is:
1732 2607 1800 2653 als
1840 2623 1948 2653 men
1979 2622 2102 2653 even
2131 2606 2239 2652 veel
2268 2605 2470 2652 redders

341 2666 408 2712 als
440 2667 680 2723 geredden
709 2683 801 2712 zou
831 2670 948 2712 zien.

428 2730 471 2771 4.
534 2730 580 2771 in
613 2742 854 2771 commune
892 2742 930 2756 =
973 2728 1300 2778 communiter,
1333 2726 1392 2771 cf.
1426 2725 1585 2782 Agric.
1621 2729 1704 2771 12:
1737 2728 1787 2770 in
1818 2741 2068 2771 commune
2099 2723 2371 2771 consulere:

429 2789 470 2830 5.
535 2786 614 2831 diu
646 2789 673 2830 i.
693 2802 737 2842 p.
757 2801 829 2831 v..·
862 2785 950 2838 die,
983 2802 1220 2831 eveneens
1252 2786 1370 2831 Hist.
1402 2789 1444 2839 2.
1477 2788 1518 2838 5.
1552 2791 1700 2830 noctu
1732 2785 1920 2842 diuque.

399 2844 514 2891 XIII.
575 2848 617 2890 8.
680 2844 934 2897 castellum,
966 2845 1048 2890 het
1078 2848 1125 2890 in
1158 2862 1260 2901 cap.
1296 2849 1351 2890 10
1381 2845 1641 2902 genoemde
1673 2844 1997 2890 Arsamosata.

429 2908 471 2950 9.
504 2904 794 2961 adpugnare,
827 2922 916 2950 een
946 2922 1042 2950 vox
1074 2905 1283 2957 Tacitea,
1317 2905 1376 2950 cf.
1410 2908 1452 2958 2,
1483 2907 1569 2958 81;
1603 2908 1644 2957 4,
1678 2907 1749 2950 48.
1782 2903 2003 2949 incedens
2033 2928 2090 2933 —
2122 2901 2348 2948 naderen.

403 2967 472 3009 10.
505 2979 589 3009 nec
620 2962 754 3009 aliud
783 2980 938 3020 quam,
985 2970 1104 3010 vert.
1139 2981 1200 3020 op
1233 2970 1320 3021 zijn
1351 2964 1538 3020 hoogst.
1569 2963 1945 3021 propugnabant,
1978 2965 2064 3019 eig.
2105 2978 2145 2992 ²=
2185 2959 2468 3018 tegenstand

341 3022 529 3076 bieden,
561 3023 863 3079 verdedigen,
890 3024 950 3068 cf.
986 3027 1053 3078 13,
1087 3027 1173 3069 31:
1207 3041 1328 3081 quae
1359 3023 1555 3069 libidine
1603 3022 1899 3080 deliquerant
1945 3022 2123 3068 ambitu
2167 3025 2474 3079 propugnant

342 3100 402 3128 en
434 3082 551 3128 Stat.
583 3082 730 3128 Theb.
764 3083 817 3137 ΙΙ,
850 3085 965 3128 584:
997 3092 1300 3141 propugnans
1331 3095 1531 3140 pectora
1561 3099 1737 3140 parma.

405 3145 472 3187 11.
505 3158 619 3197 pars
654 3176 663 3186 .
698 3175 707 3187 .
743 3175 752 3186 .
787 3177 796 3187 .
831 3147 875 3188 et
905 3141 1001 3201 alii,
1039 3143 1099 3187 cf.
1133 3159 1173 3188 c.
1206 3146 1247 3196 5,
1281 3146 1335 3187 7:
1369 3143 1580 3199 legiones
1612 3148 1660 3188 et
1691 3142 1824 3187 aliae.
1866 3146 1910 3187 et
1940 3138 2035 3191 alii,
2079 3139 2200 3185 door
2231 3143 2313 3185 aut
2346 3154 2475 3184 weer

342 3204 390 3247 in
422 3205 449 3246 2
482 3201 650 3246 deelen
682 3202 833 3247 onder
863 3202 1103 3248 verdeeld.

407 3264 473 3305 13.
504 3264 710 3317 provisis
750 3278 789 3291 =
828 3264 920 3307 iam
953 3267 1094 3307 antea
1124 3264 1419 3318 praeparatis
1451 3277 1507 3305 ac
1541 3262 1780 3318 quaesitis.

407 3323 474 3365 13.
510 3319 770 3374 Caudinae,
816 3337 878 3366 na
931 3321 990 3366 de
1036 3321 1290 3376 nederlaag
1338 3320 1396 3377 bij
1448 3320 1507 3365 de
1555 3321 1785 3366 Furculae
1833 3317 2076 3364 Caudinae
2124 3318 2172 3362 in
2218 3317 2381 3362 321v.
2416 3315 2469 3360 C.

343 3378 671 3433 Numantinae,
703 3383 751 3425 in
772 3383 854 3425 137
871 3397 914 3425 v.
934 3380 987 3425 C.
1018 3385 1172 3426 moest
1203 3379 1467 3433 Mancinus.
1500 3385 1595 3425 met
1626 3384 1713 3437 zijn
1746 3377 1939 3436 geheele
1971 3377 2099 3434 leger
2130 3376 2188 3432 bij
2221 3374 2472 3422 Numantia

343 3439 619 3494 ingesloten,
652 3455 740 3484 een
773 3439 1014 3496 smadelijk
1046 3440 1247 3495 vex-drag
1278 3439 1464 3484 sluiten.

404 3501 471 3542 14.
533 3498 698 3543 Italico
730 3498 918 3555 populo.
952 3505 1099 3544 vert.:
1134 3498 1309 3543 slechts
1341 3514 1430 3543 een
1465 3532 1474 3542 .
1510 3532 1519 3542 .
1555 3530 1565 3541 .
1600 3531 1609 3542 .

407 3560 474 3602 15.
537 3562 751 3612 quotiens
785 3558 973 3602 fortuna
1006 3564 1170 3603 contra
1204 3558 1338 3603 daret
1361 3574 1400 3588 =
1432 3561 1652 3614 quotiens
1669 3557 1861 3602 fortuna
1878 3554 2084 3600 adversa
2099 3557 2239 3607 esset,
2258 3550 2475 3598 dezelfde

345 3616 483 3661 uitdr.
517 3626 610 3672 nog
641 3617 757 3662 Hist.
794 3620 832 3670 1,
865 3620 949 3663 65:
984 3620 1022 3662 si
1054 3618 1247 3663 fortuna
1279 3623 1446 3663 contra
1479 3617 1628 3663 daret.
