2574 3912
580 245 684 302 ΑΒ
722 226 1060 302 EXCES‘SU
1096 243 1247 301 Dlw
1283 240 1623 300 AUGUSTI
1659 241 1776 299 xv.
2159 246 2224 298 61

178 407 438 466 LXVIII.
511 405 699 464 Dood
735 423 863 463 van
899 403 1221 476 Sulpicius
1259 403 1474 476 Asper
1497 423 1596 462 ·en
1631 404 1908 461 Faenius
1941 402 2165 461 Rufus.
2206 430 2210 436 ·

183 546 413 624 LXVIII.
486 547 811 625 Proximum
881 537 1239 602 constantiae
1309 545 1630 615 exemplum
1704 542 1987 614 Sulpicius
2042 541 2233 613 Asper

113 647 372 700 centurio
426 643 710 714 praebuit,
767 643 1167 713 percunctanti
1222 639 1456 705 Neroni,
1515 660 1615 696 cur
1674 643 1733 696 in
1790 638 2048 720 caedemv
2070 632 2233 695 suam

114 742 578 811 conspiravisset,
633 737 888 794 breviter
942 735 1308 807 respondens
1359 755 1478 792 non
1517 734 1682 791 aliter
1719 741 1807 791 tot
1844 719 2071 804 flagitiis
2110 736 2233 789 eius

107 821 404 891 ⁴subveniri
458 826 734 904 potuisse.
791 838 913 888 tum
963 835 1179 888 iussam
1215 851 1468 902 poenam
1506 830 1694 888 subiit.
1734 850 1843 886 nec
1881 832 2060 886 ceteri
2098 849 2234 909 cen-

113 933 372 987 turiones
408 932 468 986 in
504 927 895 1000 perpetiendis
935 927 1226 998 suppliciis
1265 926 1727 997 degeneravere:
1771 932 1830 982 at
1866 945 1983 982 non
2019 924 2233 982 Faenio
2257 944 2279 976 5

113 1025 264 1082 Rufo
301 1045 407 1096 par
443 1028 682 1089 animuS.
723 1024 828 1080 sed
866 1023 1308 1079 lamentationes
1348 1042 1483 1079 suas
1523 1024 1696 1078 etiam
1730 1025 1790 1078 in
1826 1026 2234 1078 testamentum

115 1120 371 1178 contulit.
463 1187 466 1189 Α

188 1214 614 1287 Opperiebatur
644 1213 817 1280 Nero,
857 1221 921 1270 ut
957 1213 1229 1271 Vestinus
1269 1233 1499 1284 quoque
1539 1212 1740 1269 consul
1777 1214 1835 1268 in
1874 1215 2089 1268 crimen
2118 1206 2234 1267 tra-

114 1310 364 1377 heretur,
403 1310 720 1367 violentum
758 1316 818 1366 et
854 1309 1143 1366 infensum
1168 1315 1355 1365 ratus:
1398 1307 1505 1365 sed
1541 1329 1615 1364 ex
1653 1309 1962 1364 coniuratis
2001 1306 2236 1363 consilia

115 1427 244 1463 cum
279 1405 519 1463 Vestino
558 1426 679 1462 non
714 1399 1062 1462 miscuerant
1093 1405 1325 1475 quidam
1343 1407 1585 1461 vetustis
1605 1407 1665 1460 in
1685 1424 1816 1460 eum
1837 1401 2233 1467 simultatibuS,
2262 1428 2303 1462 ιο

113 1502 325 1574 plureS,
357 1505 491 1572 quia
507 1505 882 1572 praecipitem
903 1508 961 1557 et
980 1499 1374 1557 insociabilem
1394 1499 1725 1556 credebant.
1746 1505 2003 1555 ceterum
2022 1497 2237 1554 Neroni

117 1597 312 1655 odium
369 1597 649 1654 adversus
704 1596 1003 1653 Vestinum
1060 1617 1133 1652 ex
1187 1599 1386 1652 intima
1425 1594 1728 1652 sodalitate
1769 1600 2058 1664 coeperat,
2099 1592 2237 1650 dum

115 1693 206 1749 hic
261 1696 546 1764 ignaviam
601 1695 869 1764 principis
924 1694 1150 1763 penitus
1209 1694 1494 1761 cognitam
1532 1690 1790 1761 despicit,
1830 1689 1923 1746 ille
1962 1688 2237 1745 ferociam

108 1792 285 1845 >amici
315 1791 532 1854 metuit,
573 1809 751 1859 saepe
790 1791 1008 1859 asperis
1047 1787 1270 1844 facetiis
1309 1787 1543 1848 inlusus.
1585 1806 1734 1856 quae
1774 1785 1872 1842 ubi
1905 1784 2142 1841 multum
2162 1804 2237 1840 ex

116 1905 258 1941 vero
296 1892 542 1949 traxere,
584 1904 778 1940 acrem
817 1887 906 1939 sui
943 1886 1276 1940 memoriam
1312 1883 1656 1953 relinquunt.
1680 1886 2007 1938 accesserat
2025 1900 2236 1950 repens
2263 1901 2302 1933 15

118 2000 311 2046 causa,
351 1979 509 2050 quod
545 1979 816 2039 Vestinus
838 1978 1115 2036 Statiliam
1134 1978 1506 2034 Messalinam
1525 1979 1886 2033 matrimonio
1909 1975 2017 2031 sibi
2035 1978 2235 2031 iunxe-

117 2082 223 2141 rat,
261 2075 400 2132 haut
436 2079 666 2131 nescius
706 2079 855 2131 inter
895 2075 1191 2131 adulteros
1231 2078 1353 2130 eius
1378 2080 1454 2130 ·et
1493 2072 1806 2130 Caesarem
1845 2092 1990 2128 esse.

116 2213 312 2271 LXIX.
386 2215 484 2271 De
543 2213 767 2270 consul
803 2213 1105 2270 Vestinus
1142 2212 1348 2271 wordt
1386 2211 1759 2283 onschuldig
1796 2207 2238 2298 veroordeeld.

190 2375 374 2432 LXIX.
450 2375 619 2446 Igitur
687 2396 806 2431 non
864 2378 1112 2441 crimine,
1169 2395 1289 2431 non
1350 2380 1683 2430 accusatore
1742 2376 2045 2436 existente,
2103 2374 2238 2441 quia

121 2475 373 2541 speciem
411 2472 612 2527 iudicis
650 2472 891 2527 induere
930 2492 1049 2526 non
1087 2476 1334 2540 poterat,
1376 2469 1451 2525 ad
1488 2473 1603 2525 vim
1642 2469 2046 2525 dominationis
2101 2486 2237 2533 con-

121 2586 322 2623 versus
352 2565 723 2623 Gerellanum
743 2566 1029 2622 tribunum
1052 2586 1180 2622 cum
1202 2565 1440 2621 cohorte
1460 2564 1696 2620 militum
1716 2566 1944 2619 inmittit
1963 2562 2236 2632 iubetque
2260 2590 2305 2622 20

181 2749 361 2796 LXVIII
391 2753 434 2795 4.
466 2748 705 2795 subveniri
742 2773 780 2786 =
819 2755 1093 2806 tegengaan.

210 2812 253 2854 8.
286 2808 630 2865 opperiebatur,
662 2808 862 2865 gevolgd
880 2808 1000 2853 door
1016 2815 1080 2860 ut.
1097 2824 1212 2853 naar
1230 2807 1443 2863 analogie
1470 2823 1563 2852 van
1587 2811 1878 2864 exspectare,
1911 2820 2147 2862 eveneens
2179 2803 2237 2859 bij

122 2868 315 2914 Plautus
342 2884 401 2913 en
429 2867 599 2921 LiviuS,
632 2885 722 2913 o.a.
753 2871 824 2921 42,
856 2870 928 2920 48,
963 2870 1031 2913 10.

124 2986 170 3031 Α
209 2930 251 2972 9.
285 2927 482 2972 consilia
501 2960 539 2972 ..
559 2961 568 2970 .
587 2931 882 2977 miscuerant,
927 2930 955 2971 i.
988 2943 1034 2984 p.
1066 2943 1110 2971 v.
1144 2924 1342 2971 consilia
1373 2926 1848 2976 communicaverant,
1882 2923 1941 2967 cf.
1973 2921 2090 2967 Hist.
2122 2924 2163 2974 2,
2196 2924 2237 2973 7.

173 2989 283 3042 grie.
314 2988 386 3031 38.

187 3048 255 3090 11.
286 3047 602 3101 praecipitem,
634 3043 841 3097 overiild.

187 3107 256 3149 14.
290 3107 475 3159 asperis
522 3103 719 3155 facetiis,
767 3104 826 3147 cf.
859 3106 900 3156 5,
933 3105 989 3147 2:
1022 3101 1159 3147 dicax
1188 3101 1314 3146 idem
1345 3106 1394 3146 et
1424 3099 1662 3145 Tiberium
1697 3098 1881 3144 acerbis
1912 3098 2096 3143 facetiis
2126 3099 2238 3142 inri-

127 3163 240 3208 dere
284 3163 466 3214 solitus,
513 3178 708 3218 quarum
755 3162 881 3218 apud
911 3166 1250 3218 praepotentes
1280 3164 1329 3205 in
1368 3161 1558 3215 longum
1589 3161 1814 3204 memoria
1844 3163 1928 3203 est.
1961 3156 2148 3202 multum
2182 3171 2240 3201 ex

128 3238 237 3268 vero
269 3227 469 3274 traxere,
500 3226 627 3269 vert:
661 3222 766 3265 veel
795 3237 947 3265 waars
978 3221 1219 3270 bevatten,
1253 3223 1351 3275 eig:
1384 3219 1491 3264 veel
1523 3218 1778 3263 ontleenen
1810 3233 1927 3262 aan.
1948 3249 1957 3259 .
1977 3248 1988 3260 .

189 3284 256 3326 15.
289 3296 456 3336 repens
490 3299 534 3314 =
570 3295 748 3331 recens,
782 3279 841 3324 cf.
873 3282 915 3331 6,
948 3282 989 3323 7.

189 3342 258 3385 16.
290 3338 524 3387 Statiliam
555 3337 878 3390 Messalinam,
896 3353 958 3382 na
974 3338 1066 3382 den
1084 3336 1214 3382 dood
1230 3353 1322 3380 van
1338 3335 1563 3393 Poppaea
1579 3334 1754 3380 Sabina
1769 3332 1985 3379 trouwde
2001 3332 2126 3378 Nero
2142 3337 2240 3377 met

127 3399 255 3451 haar,
286 3402 335 3443 in
365 3398 449 3443 het
478 3399 576 3452 jaar
606 3400 691 3444 661
723 3401 774 3451 zii
807 3413 905 3441 was
938 3396 997 3440 de
1029 3395 1527 3441 aehterkleindochter
1557 3410 1649 3439 van
1680 3393 1888 3438 Statilius
1920 3392 2113 3445 Taurus,
2161 3390 2238 3436 die

130 3458 279 3504 onder
309 3457 550 3512 Augustus
580 3455 852 3512 praefectus
881 3455 986 3500 urbi
1015 3471 1127 3508 was,
1161 3456 1221 3499 cf.
1252 3457 1292 3508 6,
1329 3457 1396 3499 11.

187 3515 338 3561 LXIX.
374 3519 442 3561 18.
473 3518 709 3566 existente,
741 3514 986 3571 optreden.

191 3578 259 3619 19.
290 3579 494 3631 speciem
539 3574 708 3618 indicis
753 3572 959 3625 induere,
1007 3572 1067 3617 cf.
1107 3571 1204 3617 Liv.
1236 3575 1307 3624 40.
1343 3574 1411 3620 12,
1443 3573 1493 3615 4:
1526 3570 1650 3615 ultro
1682 3568 1794 3613 mihi
1824 3584 1921 3613 non
1951 3566 2238 3612 insidiatoris

128 3633 288 3688 modo,
317 3634 404 3678 sed
431 3634 628 3678 latronis
658 3632 892 3677 manifesti
923 3636 971 3676 et
1001 3634 1291 3686 percussoris
1322 3628 1721 3687 specieminduit;
1748 3650 1787 3664 =
1812 3627 1961 3672 onder
1983 3626 2076 3671 den
2091 3625 2238 3681 schijn

128 3710 221 3738 van
256 3709 346 3738 een
375 3695 537 3748 wettig
567 3707 739 3747 proces
769 3690 823 3735 V.
854 3690 1216 3736 veroordeelen.
