2574 3912
342 182 416 236 48
1099 177 1447 237 CORNELII
1479 178 1728 238 TACITI
1783 169 1787 174 ’

343 340 685 406 celebratur,
726 343 937 410 exequi
975 340 1281 407 destinata,
1319 344 1457 412 quia
1496 339 1718 398 Caesar
1741 361 1906 398 rarus
1927 353 2164 413 egressu
2185 344 2473 417 domoque

344 443 443 493 aut
497 437 679 492 hortis
737 436 965 493 clausus
1025 436 1101 494 ad
1157 437 1379 494 ludicra
1438 440 1575 494 circi
1612 437 1935 495 ventitabat
1972 443 2472 516 promptioresque

342 532 533 589 aditus
592 538 755 588 erant
810 532 1029 589 laetitia
1083 533 1411 604 spectaculi.
1453 533 1716 591 ordinem
1750 533 1969 591 insidiis
2008 545 2473 607 composuerant,

341 635 405 684 ut
441 627 778 694 LateranuS,
819 632 982 699 quasi
1018 628 1338 687 subsidium
1363 632 1447 686 rei
1466 629 1731 687 familiari
1752 637 1965 697 oraret,
1988 629 2485 702 deprecabundus⁴

297 738 318 772 ⁵
343 731 402 781 et
439 723 678 795 genibus
716 727 988 796 principis
1028 723 1297 782 accidens
1321 731 1716 796 prosterneret
1735 729 2028 783 incautum
2047 734 2472 801 premeretque.

341 823 515 877 animi
567 820 792 877 validus
851 828 910 877 et
967 840 1211 891 corpore
1262 823 1497 893 ingens;
1553 829 1674 878 tum
1711 825 2000 879 iacentem
2040 829 2100 880 et
2137 824 2475 895 impeditum
2539 814 2545 820 “

341 916 554 973 tribuni
573 923 632 973 et
653 920 1022 973 centuriones
1046 923 1103 973 et
1124 925 1466 983 ceterorum,
1487 924 1551 975 ut
1568 921 1809 989 quisque
1831 918 2140 976 audentiae
2158 919 2475 988 habuisset,

343 1013 713 1070 adcurrerent
750 1012 1235 1084 trucidarentque,
1275 1016 1488 1084 primas
1520 1012 1628 1070 sibi
1651 1020 1848 1085 partes
1870 1015 2276 1086 expostulante
2297 1013 2475 1074 Scae-

341 1112 493 1170 vino,
535 1112 632 1180 qui
669 1112 978 1180 pugionem
1015 1109 1232 1180 templo
1261 1107 1472 1167 Salutis
1493 1112 1632 1176 sive,
1654 1117 1719 1167 ut
1741 1110 1833 1167 alii
1853 1110 2163 1178 tradidere,
2183 1110 2476 1170 Fortunae

278 1227 319 1260 ιο
340 1204 650 1285 Ferentino
706 1207 766 1262 in
824 1205 1040 1276 oppido
1081 1205 1418 1262 detraxerat
1456 1206 1838 1277 gestabatque
1877 1206 2036 1264 velut
2070 1219 2278 1279 magno
2313 1213 2477 1280 operi

343 1322 586 1358 sacrum.
626 1304 853 1358 interim
889 1299 1021 1357 Piso
1062 1301 1219 1372 apud
1257 1301 1464 1358 aedem
1504 1299 1733 1359 Cereris
1770 1306 2146 1374 opperiretur,
2167 1304 2322 1362 unde
2344 1324 2477 1362 eum

343 1398 673 1469 praefectus
709 1395 958 1454 Faenius
998 1404 1056 1453 et
1095 1401 1275 1453 ceteri
1315 1400 1560 1454 accitum
1595 1398 1813 1461 ferrent
1851 1402 1909 1456 in
1944 1402 2476 1466 castra‚comitante

343 1495 618 1559 Antonia,
675 1492 901 1550 Claudii
959 1491 1230 1550 Caesaris
1286 1493 1419 1559 filia,
1481 1493 1556 1549 ad
1607 1493 1948 1552 eliciendum
2006 1495 2160 1566 volgi
2197 1494 2474 1562 favorem,

345 1590 503 1661 quod
561 1587 626 1646 C.
685 1587 895 1646 Plinius
954 1597 1251 1646 memorat.
1311 1588 1480 1646 nobis
1540 1610 1774 1661 quoquo
1826 1589 2000 1648 modo
2050 1590 2323 1648 traditum
2357 1612 2478 1648 non

283 1714 323 1748 ιε
347 1686 640 1743 occultare
678 1689 738 1742 in
777 1689 968 1742 animo
1008 1685 1129 1752 fuit,
1171 1689 1430 1756 quamvis
1471 1685 1783 1743 absurdum
1814 1686 2110 1744 videretur
2131 1693 2232 1744 aut
2245 1690 2478 1744 inanem
2528 1669 2549 1676 '-

345 1782 421 1839 ad
437 1803 604 1854 spem
623 1781 938 1839 Antoniam
957 1803 1169 1839 nomen
1192 1788 1251 1838 et
1269 1781 1586 1853 periculum
1602 1782 2077 1849 commodavisse,
2097 1789 2197 1840 aut
2210 1776 2479 1841 Pisonem

343 1885 542 1936 notum
580 1899 777 1935 amore
815 1882 1012 1935 uxoris
1053 1878 1146 1935 alii
1183 1881 1547 1935 matrimonio
1569 1900 1632 1935 se
1656 1879 2048 1946 obstrinxisse,
2069 1882 2179 1936 nisi
2199 1883 2247 1936 si
2267 1879 2477 1951 cupido

345 1975 680 2032 dominandi
719 1979 939 2032 cunctis
979 1974 1283 2032 affectibus
1324 1972 1656 2046 flagrantior
1694 1982 1799 2033 est.

435 2200 478 2242 3.
509 2201 884 2253 composuerant.
921 2196 1190 2254 afspreken.

436 2260 477 2302 5.
506 2256 730 2313 genibus.
751 2289 760 2300 .
781 2289 791 2300 .
811 2255 1046 2307 accidens,
1081 2256 1143 2302 cf.
1175 2255 1275 2301 Liv.
1305 2258 1377 2309 44,
1409 2257 1482 2308 31,
1517 2258 1595 2301 13:
1629 2254 1824 2312 genibus
1854 2257 2080 2314 principis
2112 2254 2349 2301 accidens.

433 2319 477 2362 6.
509 2319 650 2361 animi
682 2314 867 2362 validus
900 2320 943 2360 et
971 2331 1170 2372 corpore
1200 2319 1378 2372 ingens,
1413 2315 1473 2361 cf.
1503 2331 1624 2361 voor
1650 2314 1765 2359 deze
1783 2314 2064 2372 afwisseling
2079 2331 2172 2361 van
2189 2316 2478 2361 constructie

347 2374 464 2421 Hist.
499 2379 538 2428 1.
571 2378 650 2421 53:
685 2375 891 2421 Caecina
910 2408 919 2419 .
939 2409 948 2419 .
969 2409 978 2420 .
998 2390 1201 2432 corpore
1232 2378 1411 2431 ingens,
1445 2377 1585 2419 animi
1614 2373 1904 2419 immodicus.

437 2439 478 2480 7.
511 2440 560 2480 ut
589 2438 787 2491 quisque
819 2434 1069 2480 audentiae
1101 2434 1356 2487 habuisset,
1390 2434 1433 2479 al
1463 2450 1579 2479 naar
1609 2433 1706 2479 hun
1736 2433 1898 2485 moed;
1919 2433 1978 2478 de
1995 2435 2287 2479 constructie
2303 2434 2342 2478 is
2359 2448 2477 2477 naar

350 2508 431 2555 Gr.
449 2508 712 2555 voorbeeld
744 2508 983 2565 gevormd.
1018 2509 1076 2554 cf.
1111 2524 1199 2554 o.a.
1233 2508 1342 2553 Her.
1374 2510 1416 2562 8,
1453 2510 1560 2553 107:
1599 2497 1672 2560 ὡς
1711 2498 1917 2567 τάχεος
1956 2496 2073 2567 εἶχε
2110 2498 2383 2563 ἓκαστοςῖ,
2419 2523 2480 2553 en

349 2583 495 2628 Thuc.
531 2586 569 2635 1.
602 2585 680 2627 22:
721 2573 804 2634 ὥς
840 2592 918 2634 τις
959 2572 1177 2634 εὐνοίας
1219 2572 1252 2640 ἢ
1287 2573 1507 2642 μνήμης
1544 2571 1694 2640 ἔχοι;
1728 2580 1993 2633 audentiae.
2041 2580 2100 2625 cf.
2134 2579 2291 2626 Germ.
2331 2582 2384 2626 31
2419 2595 2481 2626 en

348 2646 419 2688 34.
467 2643 783 2695 adcurrerent,
830 2643 906 2687 h.1.
939 2649 1034 2687 met
1066 2643 1158 2687 den
1189 2642 1390 2687 enkelen
1422 2658 1521 2687 acc.
1553 2646 1802 2698 geconstr.‚
1835 2640 1956 2686 door
1989 2639 2048 2685 de
2075 2639 2354 2696 verbinding
2384 2645 2480 2685 met

348 2702 429 2747 het
459 2701 693 2758 volgende
724 2702 1029 2748 trucidarent.

436 2763 478 2806 8.
511 2760 849 2817 expostulante,
880 2761 957 2806 hl.
991 2776 1035 2792 =
1070 2760 1356 2818 postulante,
1389 2760 1448 2805 cf.
1482 2776 1522 2805 c.
1556 2761 1625 2804 17.

437 2823 479 2865 9.
513 2821 681 2876 templo
716 2819 908 2872 Salutis,
942 2820 1001 2865 de
1034 2820 1209 2877 tempel
1241 2836 1333 2864 van
1366 2818 1500 2865 Salus
1532 2817 1726 2863 bevond
1757 2817 1860 2862 zich
1894 2833 1957 2874 op
1991 2816 2083 2862 den
2116 2816 2383 2872 Quirinalis.

411 2883 479 2925 10.
511 2879 758 2924 Ferentino
807 2884 853 2925 in
902 2879 1091 2936 oppido,
1140 2879 1441 2924 Ferentinum
1487 2894 1586 2923 was
1617 2880 1664 2922 in
1697 2877 1879 2922 Latium
1910 2876 2120 2933 gelegen.
2154 2875 2289 2930 velut,
2317 2875 2480 2922 betee-

349 2939 555 2992 teekent,
588 2939 669 2983 dat
700 2939 957 2985 Scaevinus
990 2939 1048 2984 de
1081 2938 1196 2984 dolk
1227 2937 1464 2994 werkelijk
1496 2937 1562 2982 als
1595 2936 1759 2993 gewin
1791 2935 2127 2982 beschouwde.

411 3001 479 3043 11.
513 2998 644 3054 apud
687 3000 852 3043 aedem
901 2997 1099 3051 Cereri8‚
1147 2998 1206 3043 de
1238 2998 1412 3054 tempel
1443 3013 1535 3042 van
1569 2994 1713 3041 Ceres
1744 2995 1936 3041 bevond
1967 2995 2069 3040 zich
2101 2995 2159 3051 bij
2194 2994 2286 3040 den
2316 2992 2481 3039 Circus

349 3058 592 3103 Maximus.
626 3057 767 3113 apud,
807 3074 845 3087 =
885 3060 945 3102 in.

412 3120 479 3162 12.
512 3121 685 3169 castra,
718 3117 793 3161 h.l.
828 3117 886 3161 de
918 3117 1122 3161 kazerne
1156 3116 1239 3160 der
1269 3117 1619 3172 praetorianen.
1651 3113 1874 3166 Antonia,
1908 3113 2108 3159 dochter
2137 3127 2228 3157 van
2241 3109 2481 3164 ClaudiuS.

350 3179 417 3221 uit
448 3180 535 3231 zijn
569 3182 723 3279 eersge
756 3175 977 3232 huwelijk
1008 3181 1103 3220 met
1134 3174 1345 3227 Paetina,
1381 3174 1440 3219 cf.
1477 3176 1542 3227 12,
1576 3177 1628 3226 2;
1662 3172 1788 3218 Nero
1821 3173 1902 3218 liet
1933 3172 2048 3218 haar
2079 3170 2301 3220 tusschen
2331 3171 2389 3215 66
2420 3184 2480 3214 en

350 3239 407 3280 68
439 3252 659 3280 vermoor
698 3252 770 3279 en.

414 3297 480 3338 14.
516 3293 565 3338 C.
598 3294 794 3347 Plinius,
829 3294 887 3339 cf.
925 3297 993 3347 13,
1026 3297 1111 3347 20;
1160 3293 1338 3338 Plinius
1385 3291 1572 3337 schrecf
1604 3308 1694 3336 een
1726 3288 2096 3347 geschiedwerk‚
2136 3287 2218 3333 dat
2259 3286 2480 3332 verloren

350 3356 388 3398 is
421 3362 611 3409 gegaan.

413 3416 480 3456 14.
516 3428 702 3468 quoquo
735 3412 874 3457 modo
916 3429 953 3442 r-
993 3428 1076 3457 seu
1108 3428 1219 3456 vere
1253 3427 1335 3456 seu
1369 3409 1506 3463 falso,
1539 3410 1599 3454 cf.
1632 3411 1673 3461 3,
1710 3411 1792 3454 19:
1827 3424 2022 3465 quoquo
2055 3405 2199 3452 modo
2233 3404 2406 3451 audita.

413 3474 480 3515 15.
530 3475 714 3516 inanem
778 3472 842 3515 ud
902 3487 1044 3527 spem,
1094 3487 1155 3527 op
1204 3470 1262 3515 de
1311 3469 1475 3515 bloote
1523 3468 1846 3524 verwachting
1892 3467 1990 3521 (dat
2037 3469 2088 3522 zij
2137 3465 2345 3510 keizerin
2389 3478 2481 3510 zou

350 3530 578 3583 worden).

414 3593 480 3633 17.
514 3595 669 3633 notum
704 3605 862 3634 amore
896 3592 1071 3640 uxoris.
1106 3589 1165 3634 cf.
1199 3605 1238 3633 c.
1272 3590 1356 3633 59:
1391 3591 1725 3631 testamentum
1745 3618 1754 3628 .
1774 3618 1784 3629 .
1805 3587 1980 3630 ‚amori
2011 3585 2169 3629 uxoris
2206 3580 2348 3628 dedit.

413 3651 481 3692 18.
514 3651 608 3693 nisi
637 3652 679 3692 si
733 3665 770 3677 =
812 3649 862 3692 of
893 3648 973 3692 het
1005 3654 1158 3692 moest
1189 3652 1275 3704 zijn
1309 3646 1404 3700 dat,
1442 3647 1502 3694 cf.
1538 3646 1696 3691 Germ.
1730 3648 1771 3689 2.
