2574 3912
569 266 673 323 AB
711 264 1051 323 EXCESSU
1088 264 1238 322 DIVI
1273 256 1605 322 AUGUSTI
1642 264 1758 322 XV.
2154 270 2226 323 49

302 428 454 487 LIV.
527 427 879 486 Scaevinus
915 425 1122 485 wordt
1142 425 1318 484 door
1354 445 1478 484 een
1515 425 1681 519 slaai
1708 421 2049 517 >ver-reden.
2117 420 2125 469 ’-

178 546 313 605 LIV.
372 546 491 604 Sed
544 549 762 612 mirum,
819 566 992 616 quam
1046 547 1194 602 inter
1232 545 1447 602 diversi
1482 548 1707 615 generis
1747 545 1981 611 ordiniS,
2020 546 2227 603 aetatis

112 663 301 709 sexuS,
360 643 509 700 dites
565 661 855 712 pauperes
906 643 1294 697 taciturnitate
1355 644 1547 696 omnia
1584 640 1843 710 cohibita¹
1873 644 2001 707 sint,
2041 640 2228 698 donec
2306 642 2315 657 ³

111 739 362 810 proditio
418 741 608 808 coepit
667 758 700 793 e
759 736 931 793 domo
986 734 1284 818 Scaevini:
1325 739 1422 807 qui
1456 736 1639 807 pridie
1677 736 2010 793 insidiarum
2047 736 2226 793 multo

113 855 380 892 sermone
419 854 549 891 cum
589 832 842 890 Antonio
860 831 1081 898 Natale,
1104 832 1240 889 dein
1257 845 1553 904 regressus
1574 832 1806 889 domum
1825 839 2231 890 testamentum

114 930 451 1000 obsignavit,
503 934 830 999 promptum
886 931 1090 998 vagina
1146 930 1469 999 pugionem,
1529 927 1602 983 de
1661 948 1775 998 quo
1813 948 1986 999 supra
2020 928 2228 995 rettuli,

113 1031 400 1083 vetustate
456 1024 726 1090 obtusum
781 1028 1102 1095 increpans,
1165 1026 1422 1094 asperari
1478 1043 1620 1080 saxo
1680 1030 1740 1080 et
1791 1027 1851 1080 in
1898 1044 2230 1081 mucronem

115 1120 416 1178 ardescere
465 1122 629 1177 iussit
682 1140 923 1190 eamque
963 1140 1160 1176 curam
1196 1119 1404 1176 liberto
1442 1109 1675 1176 Milicho
1715 1119 2025 1177 mandavit.
2065 1121 2230 1177 simul

114 1215 440 1274 affluentius
490 1214 658 1272 solito
699 1196 1023 1297 convivium
1061 1218 1275 1275 initum.
1315 1235 1614 1272 servorum
1653 1218 1928 1272 carissimi
1964 1214 2228 1272 libertate

114 1319 202 1368 et*
226 1310 321 1368 alii
373 1314 620 1382 pecunia
677 1311 905 1376 donati:
965 1317 1149 1387 atque
1177 1314 1302 1381 ipse
1341 1317 1596 1368 maestus
1636 1317 1695 1367 et
1732 1322 1973 1381 magnae
2015 1314 2229 1383 cogita-

111 1409 282 1463 tionis
325 1405 661 1463 manifestus
701 1413 843 1472 erat,
880 1409 1137 1477 quamvis
1168 1406 1444 1463 laetitiam
1483 1410 1643 1478 vagis
1678 1405 2035 1463 sermonibus
2055 1410 2228 1463 simu-

111 1503 274 1560 laret.
312 1509 609 1573 postremo
657 1501 989 1558 volneribus
1027 1502 1346 1573 ligamenta,
1387 1502 1710 1573 quibusque
1749 1506 1963 1559 sistitur
2000 1505 2229 1575 sanguis

111 1601 303 1670 parari
339 1598 501 1655 iubet
537 1597 714 1669 idque
754 1597 1002 1655 eundem
1020 1596 1313 1655 Milichum
1332 1604 1544 1664 monet,
1567 1602 1689 1654 sive
1710 1611 1945 1669 gnarum
1966 1601 2229 1656 coniura-

112 1696 283 1750 tionis
329 1699 389 1749 et
424 1693 555 1749 illuc
592 1713 775 1763 usque
814 1693 1007 1759 fidum,
1048 1714 1151 1749 seu
1188 1697 1445 1751 nescium
1483 1700 1543 1751 et
1574 1700 1709 1750 tunc
1725 1697 1969 1765 primum
1989 1695 2230 1765 arreptis

114 1788 548 1859 suspicionibuS,
588 1796 651 1845 ut
687 1788 943 1860 plerique
982 1788 1290 1846 tradidere.
1331 1789 1405 1846 de
1443 1790 1928 1861 consequentibus
1960 1795 2230 1853 <consen-

113 1887 287 1947 titur).
324 1904 459 1941 nam
498 1905 625 1941 cum
666 1906 861 1941 secum
882 1885 1103 1942 servilis
1125 1889 1345 1942 animus
1365 1890 1622 1956 praemia
1640 1886 1923 1957 perfidiae
1943 1890 2229 1957 reputavit

115 1979 391 2051 simulque
428 1983 688 2036 inmensa
725 1984 970 2050 pecum'a
1009 1988 1067 2037 et
1103 1984 1364 2052 potentia
1403 1981 1880 2048 obversabantur,
1921 1987 2092 2039 cessit
2140 1983 2229 2039 fas

115 2082 174 2131 et
223 2075 376 2132 salus
431 2079 662 2146 patroni
717 2083 775 2132 et
832 2083 1107 2148 acceptae
1139 2077 1415 2134 libertatis
1454 2079 1746 2134 memoria.
1788 2081 2000 2135 etenim
2024 2071 2230 2135 ¹uxoris

115 2178 345 2241 quoque
384 2171 681 2228 consilium
721 2171 1135 2243 adsumpserat,
1158 2173 1433 2229 muliebre
1454 2194 1521 2229 ac
1543 2173 1823 2230 deterius:
1848 2177 2057 2244 quippe
2077 2174 2229 2231 ultro

114 2271 327 2322 metum
382 2266 719 2332 intentabat,
779 2267 1103 2338 multosque
1164 2271 1408 2345 astitisse
1465 2268 1701 2326 libertos
1759 2290 1826 2325 ac
1874 2290 2092 2335 servos,
2132 2274 2232 2340 qui

173 2405 286 2451 LIV.
321 2409 360 2451 1.
392 2409 557 2451 mirum
588 2422 730 2464 quam
747 2440 757 2451 .
777 2440 786 2452 .
806 2440 816 2452 .
835 2405 1036 2452 cohibita
1068 2411 1171 2460 sint,
1204 2417 1320 2464 gew.
1351 2410 1516 2454 mirum
1533 2415 1777 2466 quantum;
1798 2426 1935 2466 quam
1951 2413 1990 2455 is
2006 2392 2231 2466 gevormd

113 2495 229 2524 naar
273 2478 355 2524 het
387 2479 468 2525 Gr.
499 2480 785 2526 voorbeeld:
818 2472 1160 2540 θαυμάμσιόν
1201 2472 1339 2525 ἐστιν
1385 2472 1475 2534 ὡς·
1506 2486 1694 2539 generis
1733 2499 1771 2512 Ξ
1809 2483 2027 2534 afkomst.

205 2541 244 2582 1.
277 2538 454 2584 diversi
469 2572 479 2583 .
498 2573 507 2583 .
529 2572 538 2583 .
559 2555 716 2592 sexus,
748 2556 813 2585 sc.
846 2539 1073 2586 homines.

202 2599 244 2641 3.
275 2601 440 2653 coepit,
472 2601 663 2654 uitgaan
691 2615 796 2653 van,
830 2601 890 2645 cf.
922 2600 1040 2645 Hist.
1071 2604 1112 2653 2,
1144 2602 1229 2645 47:
1263 2599 1399 2644 civile
1430 2599 1604 2645 bellum
1636 2616 1663 2645 a
1693 2600 1881 2646 Vitellio
1914 2605 2088 2659 coepit.

203 2658 244 2700 3.
276 2656 418 2701 multo
449 2672 676 2709 sermone,
710 2675 775 2703 sc.
808 2664 923 2712 erat,
956 2659 1046 2704 abl.
1080 2660 1203 2716 qual.
1236 2659 1295 2704 cf.
1331 2661 1399 2711 16.
1432 2662 1512 2705 31:
1544 2659 1675 2715 largo
1707 2661 1823 2706 fletu
1853 2665 1901 2705 et
1931 2661 2132 2708 silentio.

202 2717 245 2758 5.
276 2721 536 2771 promptum
568 2720 752 2772 vagina,
783 2734 952 2774 promo
989 2724 1085 2763 met
1117 2718 1318 2763 enkelen
1350 2717 1439 2763 abl.
1473 2725 1683 2774 geconst,
1702 2720 1762 2764 cf.
1780 2719 1916 2775 Verg.
1933 2719 2040 2766 Aen
2057 2724 2098 2774 2.
2116 2723 2227 2767 260:

114 2772 319 2829 laetique
351 2790 470 2820 cavo
502 2791 554 2820 se
583 2775 759 2821 robore
789 2777 1024 2834 produnt:
1058 2794 1117 2823 en
1149 2780 1190 2830 6,
1222 2780 1307 2822 40:
1340 2778 1672 2835 depromptum
1702 2781 1818 2824 sinu.

203 2834 245 2876 5.
275 2848 420 2888 supra
451 2834 616 2886 rettuli,
649 2836 709 2880 cf.
742 2851 780 2880 c.
814 2838 884 2880 53.

203 2893 246 2935 6.
276 2907 412 2943 saxo,
444 2892 520 2936 h.l.
552 2893 654 2948 geh.
686 2896 716 2937 i.
746 2911 792 2950 p.
823 2913 881 2940 v:
916 2900 1038 2940 cote.

203 2951 246 2994 6.
278 2953 505 3006 asperari,
536 2968 658 2997 voor
687 2969 906 3008 asperare
937 2957 1089 3011 i.p.v.
1122 2971 1307 3008 acuere,
1341 2954 1400 2999 cf.
1432 2953 1588 2999 Germ.
1621 2958 1693 3000 46.

203 3011 244 3052 6.
277 3013 324 3054 in
364 3025 615 3055 mucronen
647 3013 908 3064 ardescere,
940 3016 1026 3069 εἰς.
1059 3014 1180 3058 door
1211 3014 1294 3058 het
1323 3014 1486 3070 slijpen
1516 3030 1606 3059 zoo
1640 3014 1793 3060 verhit
1823 3014 2033 3067 worden,
2067 3015 2147 3059 dat
2178 3031 2230 3060 er

116 3082 205 3111 een
240 3068 440 3125 scherpe
471 3075 590 3125 punt
621 3086 710 3115 aan
741 3072 961 3129 geslepen
991 3075 1044 3124 is,
1079 3073 1137 3117 cf.
1171 3072 1279 3117 Luc.
1313 3076 1354 3126 7,
1389 3075 1500 3118 139:
1533 3090 1623 3118 nec
1654 3073 1817 3129 gladiis
1847 3073 2054 3119 habuere
2085 3074 2229 3120 fidem

114 3128 204 3230 {isi
234 3127 420 3173 cotibus
451 3144 588 3185 asper
617 3128 799 3175 Exarsit
830 3147 1006 3184 mucre,
1038 3139 1098 3176 en
1129 3131 1241 3177 Hor.
1260 3131 1350 3176 Od.
1368 3135 1407 3184 2,
1431 3135 1472 3178 8,
1494 3135 1570 3178 15:
1589 3132 1783 3190 Semper
1800 3132 2020 3178 ardentes
2035 3136 2229 3189 sagittas

159 3190 238 3230 ote
270 3192 477 3232 cruenta.

203 3247 245 3289 8.
291 3244 501 3290 libertale
532 3251 576 3290 et
605 3245 689 3290 alii
715 3251 912 3302 pecunia
952 3265 991 3278 =
1029 3248 1107 3294 alii
1135 3248 1354 3294 libertate
1387 3250 1463 3294 alii
1493 3253 1708 3306 pecunia,
1741 3251 1801 3295 cf.
1822 3253 1860 3304 1,
1878 3253 1958 3297 63:
1977 3255 2027 3295 ut
2045 3268 2165 3308 opus
2181 3256 2229 3296 et

117 3302 195 3347 alii
225 3305 457 3360 proelium
486 3307 761 3362 inciperent.

177 3364 246 3406 10.
275 3362 566 3416 manifestus,
599 3381 639 3409 c.
671 3373 773 3420 gen.
804 3371 1052 3420 geconstr„
1083 3367 1142 3411 cf.
1174 3370 1216 3419 2,
1248 3369 1332 3413 85:
1367 3366 1527 3412 delicti
1556 3367 1816 3413 manifesta.

178 3423 245 3467 10.
279 3426 412 3479 vagis
442 3422 748 3476 sermonibus,
779 3425 1071 3479 gesprekken
1101 3432 1200 3470 van
1225 3426 1317 3471 den
1348 3426 1442 3471 hak
1473 3443 1535 3482 op
1568 3426 1659 3471 den
1691 3427 1772 3471 tak
1802 3426 2096 3483 springende.

180 3482 246 3525 13.
278 3485 492 3536 arreptis,
539 3481 660 3526 door
692 3486 898 3539 arripere
928 3489 975 3528 te
1008 3483 1134 3539 gebr.
1165 3485 1322 3531 wordt
1354 3485 1413 3530 de
1445 3484 1702 3542 blijdschap
1734 3502 1793 3530 en
1825 3486 1885 3530 de
1915 3485 2135 3542 begeerte
2166 3485 2224 3542 bij

117 3537 199 3582 het
230 3540 505 3586 ontdekken
536 3541 820 3597 uitgedrukt,
851 3548 984 3587 vert:
1015 3546 1176 3599 gretig.

179 3599 246 3642 15.
277 3614 386 3643 nam
418 3615 534 3652 cum,
567 3616 671 3644 cum
711 3615 749 3629 =
785 3600 965 3645 zoodra
995 3601 1078 3646 als.

180 3658 247 3700 18.
280 3656 414 3710 ultro,
446 3663 514 3714 zij,
545 3675 637 3703 van
668 3659 781 3703 haar
811 3658 939 3704 kant.
973 3660 1241 3711 intentabai,
1261 3661 1319 3705 cf.
1337 3664 1379 3714 3,
1396 3663 1474 3706 28:
1494 3667 1645 3707 terror
1664 3661 1878 3708 omnibus
1893 3661 2225 3707 intentabatur.

120 3714 182 3766 (=
220 3714 443 3772 dreigend
472 3717 799 3762 voorhouden.
830 3743 887 3748 -—-
918 3724 1099 3771 metum,
1131 3736 1196 3764 sc.
1226 3723 1456 3765 interitus.

2140 3818 2167 3858 4

2252 943 2274 976 5

2256 1414 2297 1448 10

2254 1901 2297 1934 15
