2574 3912
567 212 672 270 AB
711 210 1052 303 EXCESSU
1088 210 1238 268 DIVI
1275 209 1608 269 AUGUSTI
1645 209 1762 267 XV.
2156 215 2227 266 45

112 379 327 437 amicos
381 379 612 440 iaciunt,
663 373 1052 445 adgregavere
1108 370 1414 429 Claudium
1453 370 1854 438 Senecionem,
1894 370 2230 429 Cervarium

110 471 427 538 Proculum,
483 470 815 528 Vulcacium
870 468 1190 534 Araricum,
1251 467 1449 524 Iulium
1497 467 1869 538 Augurinum,
1909 466 2230 523 Munatium

20 554 23 562 l
110 565 369 633 Gratum,
408 564 723 623 Antonium
760 562 1041 630 Natalem,
1080 561 1362 620 Marcium
1398 560 1647 629 Festum,
1672 566 1894 633 equites
1921 561 2230 619 Romanos.

114 684 188 720 ex
239 661 446 734 quibus
493 660 757 726 Seneci0,
818 681 850 716 e
899 662 1213 730 praecipua
1252 657 1636 714 familiaritate
1675 657 1937 724 NeroniS,
1978 660 2231 728 speciem

114 761 397 816 amicitiae
435 760 609 814 etiam
643 764 764 813 tum
798 758 1051 812 retinens
1092 775 1165 810 eo
1203 753 1458 825 pluribus
1479 753 1744 824 periculis
1766 751 2228 810 conflictabatur:
2257 754 2278 787 ⁵

112 853 331 912 Natalis
385 855 671 925 particeps
726 851 803 908 ad
859 871 1029 907 omne
1069 857 1353 907 secretum
1387 848 1581 906 Pisoni
1626 854 1776 915 erat;
1837 852 2046 906 ceteris
2099 868 2231 919 spes

115 970 190 1008 ex
225 952 390 1007 novis
428 948 602 1006 rebus
641 946 950 1018 petebatur
936 945 1263 1042 sadscitae
1304 952 1436 1002 sunt
1474 966 1649 1015 super
1690 943 1957 1001 Subrium
2008 951 2066 1000 et
2104 942 2231 1000 Sul-

113 1048 339 1118 picium,
396 1043 470 1101 de
530 1043 737 1115 quibus
795 1036 1004 1108 rettuli,
1058 1042 1330 1098 militares
1368 1061 1573 1097 manus
1613 1038 1830 1096 Gavius
1871 1038 1991 1096 Silv
1995 1061 2137 1096 anus
2174 1047 2234 1095 et

115 1141 331 1200 Statius
393 1140 730 1204 ProxumuS,
799 1138 1012 1195 ttibuni
1083 1137 1405 1195 cohortium
1454 1139 1890 1207 praetoriarum,
1946 1135 2232 1192 Maximus

115 1236 366 1295 Scaurus
424 1243 482 1293 et
529 1232 787 1292 Venetus
824 1234 1032 1291 Paulus
1073 1236 1455 1290 centuriones.
1497 1231 1603 1289 sed
1642 1252 1921 1288 summum
1957 1231 2133 1288 robur
2170 1234 2229 1287 in
2259 1239 2300 1272 1⁰

111 1331 326 1390 Faenio
363 1331 514 1390 Rufo
552 1331 854 1442 praefecto
888 1329 1216 1435 videbatur,
1257 1349 1428 1400 quem
1465 1331 1585 1385 vita
1623 1327 1890 1397 famaque
1939 1326 2234 1384 laudatum

112 1450 218 1501 per
236 1431 534 1486 saevitiam
550 1390 1059 1499 lupum
1075 1424 1411 1496 Tigellinus'
1397 1445 1456 1480 111
1476 1428 1666 1481 animo
1686 1426 1957 1495 principis
1980 1422 2236 1479 anteibat

115 1524 506 1597 fatigabatque
546 1522 1034 1580 criminationibus
1074 1541 1142 1577 ac
1182 1541 1358 1591 saepe
1397 1524 1454 1576 in
1493 1526 1708 1576 metum
1729 1518 2052 1576 adduxerat
2072 1522 2236 1589 quasi

116 1620 438 1677 adulterum
491 1619 845 1690 Agrippinae
902 1623 961 1674 et
1001 1616 1292 1674 desiderio
1333 1619 1455 1672 eius
1493 1615 1694 1672 ultioni
1731 1618 2029 1671 intentum.
2069 1617 2235 1686 igitur

116 1716 216 1773 ubi
253 1717 562 1773 coniuratis
598 1714 955 1786 praefectum
994 1733 1226 1784 quoque
1264 1715 1538 1783 praetorii
1571 1714 1629 1767 in
1647 1718 1843 1782 partes
1865 1709 2234 1767 descendisse
2261 1726 2302 1759 1⁵

117 1810 322 1869 crebro
357 1814 533 1882 ipsius
573 1830 839 1867 sermone
879 1809 1034 1866 facta
1072 1808 1236 1874 fides,
1276 1810 1596 1878 promptius
1635 1809 1749 1863 iam
1789 1805 1862 1862 de
1883 1812 2145 1876 tempore
2168 1826 2236 1862 ac
2308 1856 2310 1858 .

115 1907 248 1964 loco
286 1906 481 1964 caedis
521 1905 831 1977 agitabant.
872 1912 931 1961 et
969 1907 1193 1975 cepisse
1231 1907 1506 1974 impetum
1545 1900 1786 1959 Subrius
1823 1899 2033 1958 Flavus
2087 1901 2265 1957 fere·-

115 2002 286 2059 batur
321 2005 380 2058 in
414 2021 628 2058 scaena
666 2007 969 2057 canentem
1006 1998 1294 2056 Neronem
1315 1997 1705 2069 adgrediendi,
1729 2003 1828 2054 aut
1848 2017 1978 2053 cum
1998 1997 2235 2053 ardente

117 2086 292 2155 domo
347 2117 453 2168 per
508 2103 740 2153 noctem
792 2095 902 2152 huc
958 2095 1087 2151 illuc
1130 2101 1403 2170 ,cursaret
1440 2093 1835 2150 incustoditus,
1874 2093 1965 2148 hic
2005 2095 2234 2148 occasio

118 2192 452 2258 solitudinis,
510 2191 590 2248 ibi
644 2195 771 2262 ipsa
828 2192 1151 2261 frequentia
1207 2194 1355 2246 tanti
1392 2189 1619 2246 decoris
1657 2192 1821 2245 testis
1859 2187 2237 2258 pulcherrima
2259 2213 2303 2245 20

118 2291 366 2345 animum
435 2288 928 2353 extimulaverant,
998 2290 1107 2342 nisi
1162 2285 1564 2342 incolumitatis
1624 2283 1834 2355 cupido
1893 2286 2234 2348 retinuisset,

116 2387 334 2456 magnis
371 2403 598 2453 semper
637 2383 938 2439 conatibus
976 2382 1350 2475 adversa3ff-‹1r

209 2555 248 2598 1.
281 2551 595 2606 Senecionem,
644 2553 703 2597 cf.
748 2555 816 2605 13,
854 2554 936 2597 12:
970 2550 1171 2597 Senecio
1202 2550 1375 2595 liberto
1409 2548 1623 2595 Caesaris
1655 2551 1851 2605 genitus.
1882 2546 2144 2600 Proculum,
2177 2547 2236 2591 cf.

120 2628 159 2658 c·
191 2614 252 2716 636.
280 2615 535 2715 ffntssuzum
566 2668 799 2723 Natalem,
833 2669 892 2714 cf.
926 2686 964 2714 c.
999 2671 1070 2720 54,
1102 2671 1173 2721 55,
1206 2670 1278 2719 56,
1311 2670 1380 2712 71.

206 2733 250 2775 ⁶.
278 2728 454 2782 Ptsoni,
484 2743 606 2774 voor
637 2728 729 2773 den
761 2729 855 2774 dat.
890 2730 949 2773 cf.
982 2728 1112 2773 Curt.
1144 2730 1186 2780 ὁ,
1213 2730 1254 2780 6,
1277 2730 1358 2772 35:
1376 2726 1567 2771 ce¹eris
1583 2728 1631 2770 in
1646 2733 1803 2781 regem
1819 2727 2058 2781 particeps
2074 2723 2236 2768 Besso.

206 2791 251 2833 8.
284 2788 343 2833 de
373 2787 539 2845 quibus
569 2787 735 2841 rettuli,
766 2787 828 2832 nl.
860 2791 908 2832 in
941 2803 1031 2843 cap
1034 2789 1147 2832 49.

121 2863 290 2893 manus
329 2862 368 2876 =
404 2849 504 2892 viri.
539 2845 721 2892 Gavius
753 2846 987 2899 Silvanus,
999 2803 1081 2890 pcf.
1115 2862 1154 2890 c.
1185 2847 1243 2889 60
1276 2861 1335 2889 en
1368 2847 1437 2889 71.
1464 2846 1506 2889 9
1526 2841 1704 2888 Statius
1733 2842 2009 2895 Proxumus,
2030 2841 2090 2886 cf.
2108 2857 2148 2886 c.
2166 2843 2236 2885 71.

184 2909 252 2952 11.
283 2905 459 2950 Faenio
490 2905 633 2959 Rufo,
665 2906 726 2950 cf.
762 2909 830 2958 13,
862 2909 934 2950 22.

184 2968 252 3011 11.
287 2968 380 3009 vita
413 2964 646 3021 famaque,
679 2964 738 3009 de
769 2964 859 3009 abl.
891 2964 1020 3021 geeft
1049 2962 1150 3008 hier
1182 2962 1274 3007 den
1304 2961 1525 3007 maatstaf
1543 2977 1644 3014 aan,
1663 2961 1722 3006 ef.
1742 2977 1779 3005 c.
1801 2962 1886 3005 37·
1905 2958 2236 3004 celeberrimae

120 3024 548 3139 lmfflfssgzffgiw,
597 3082 657 3126 cf.
707 3084 773 3131 14,
821 3085 906 3127 51:
955 3080 1155 3127 validior
1185 3083 1233 3125 in
1264 3080 1515 3132 animo(=
1554 3079 1706 3134 qunst)
1738 3079 1976 3135 principis.
2010 3075 2240 3131 fatigabat

122 3142 534 3190 criminationibus,
566 3141 895 3186 voortdurend
925 3147 1020 3186 met
1051 3139 1464 3194 beschuldigingen
1496 3139 1766 3194 vervolgen.

184 3205 252 3247 13.
284 3204 330 3245 in
362 3206 528 3246 metum
560 3200 839 3250 adduxerat,
873 3199 938 3244 als
970 3198 1271 3244 schrikbeeld
1302 3196 1629 3242 voorhouden.

183 3263 253 3306 17.
284 3264 512 3317 impetum.
560 3259 661 3303 snel
707 3259 890 3312 besluit,
938 3259 997 3303 cf.
1047 3259 1175 3304 Curt.
1223 3260 1263 3309 5,
1300 3260 1367 3309 12,
1405 3259 1455 3300 1:
1479 3255 1783 3300 -occidendi¹
1804 3255 1984 3308 ..regis
2015 3255 2238 3309 impetum

124 3325 331 3423 celfgfaib
362 3393 538 3422 scaena
571 3380 824 3427 canentem,
855 3375 1083 3420 waarsch
1115 3376 1173 3430 bij
1208 3372 1511 3445 gelegenheid
1544 3372 1627 3417 der
1659 3371 1908 3423 iuvenalia,
1942 3370 2003 3414 cf.
2036 3386 2077 3414 c.
2109 3371 2178 3414 33.

185 3439 254 3482 18.
285 3437 478 3482 ardente
525 3434 677 3480 domo.
726 3435 784 3479 cf.
833 3451 872 3479 c.
919 3438 1002 3487 39,
1047 3435 1218 3480 hieruit
1247 3436 1350 3478 zien
1381 3436 1469 3488 wij,
1502 3431 1583 3476 dat
1615 3431 1674 3475 de
1705 3431 2071 3484 samenzwering
2100 3427 2239 3473 reeds

124 3501 240 3541 toen
269 3495 488 3541 bestond.

186 3557 254 3599 19.
285 3553 541 3606 hic...ib1·,
576 3553 635 3597 cf.
667 3552 780 3608 Agr.
813 3555 898 3596 32:
930 3552 1006 3596 hic
1039 3551 1147 3604 dux,
1180 3551 1256 3595 hic
1289 3552 1537 3601 exercitus,
1571 3548 1636 3592 ibi
1667 3546 1884 3592 metalla.

171 3616 254 3717 f22.
287 3612 629 3718 ittzcolumitatiS,
679 3612 738 3656 cf.
785 3611 840 3656 H.
883 3614 924 3663 5,
971 3613 1052 3655 25:
1086 3626 1170 3667 spe
1203 3612 1341 3662 vitae,
1374 3624 1494 3665 quae
1526 3608 1799 3664 plerumque
1833 3613 2026 3661 magnos
2059 3606 2238 3648 animos

123 3673 171 3717 in
194 3675 310 3728 ringi
