2574 3912
836 185 1345 255 CORNELII
1402 183 1776 255 TACITI

542 334 681 402 AB
741 333 1235 403 EXCESSU
1295 334 1523 403 DIVI
1580 333 2073 404 AUGUSTI

1117 481 1333 538 LIBER
1369 481 1487 539 XV.

441 679 996 738 Gebeurtenissen
1032 699 1162 737 van
1199 679 1309 737 het
1346 682 1484 752 iaar
1521 683 1595 737 62
1633 699 1692 737 n.
1738 678 1804 737 C.
1845 678 1920 752 (c.
1959 678 2172 751 1—22).

279 857 325 915 Ι.
399 856 813 929 VologaeseS,
851 856 1089 928 koning
1128 855 1245 914 der
1282 855 1575 925 Parthen,
1613 862 1723 914 vat
1759 857 1870 914 het
1907 857 2060 929 plan
2097 876 2198 931 op,
2237 856 2367 915 den

583 952 801 1024 oorlog
839 958 1032 1025 tegen
1069 951 1151 1009 de
1191 953 1548 1010 Romeinen
1585 958 1650 1010 te
1688 953 2029 1026 beginnen.

315 1131 353 1188 I.
389 1158 399 1176 ι
429 1131 657 1188 Interea
726 1152 831 1187 rex
894 1129 1232 1187 Parthorum
1295 1129 1655 1201 Vologaeses
1724 1133 1962 1202 cognitis
2023 1129 2368 1188 Corbulonis

242 1227 418 1285 rebus
489 1239 797 1298 regemque
871 1226 1249 1297 alienigenam
1321 1225 1606 1296 Tigranen
1655 1225 1965 1283 Armeniae
2025 1230 2368 1298 impositum,

246 1323 411 1381 simul
468 1324 643 1380 fratre
700 1323 953 1380 Tiridate
1008 1323 1176 1394 pulso
1219 1330 1473 1393 spretum
1511 1322 1923 1380 Arsacidarum
1962 1322 2248 1394 fastigium
2285 1326 2370 1380 ire

244 1420 423 1476 ultum
462 1419 681 1485 volenS,
722 1419 1110 1490 magnitudine
1148 1439 1371 1475 rursum
1408 1418 1670 1476 Romana
1710 1424 1768 1475 et
1806 1422 2061 1476 continui
2117 1419 2373 1476 foederis

200 1535 223 1569 ⁵
246 1519 572 1573 reverentia
629 1515 888 1572 diversas
948 1515 1024 1571 ad
1082 1535 1250 1572 curas
1298 1515 1652 1581 trahebatur,
1706 1522 2007 1572 cunctator
2044 1518 2274 1585 ingenio
2315 1522 2373 1572 et

248 1612 574 1669 defectione
631 1611 1047 1681 Hyrcanorum,
1109 1614 1293 1682 gentis
1352 1611 1599 1678 validae,
1639 1611 1944 1682 multisque
1987 1632 2061 1667 ex
2099 1631 2172 1668 eo
2210 1610 2372 1668 bellis

246 1708 506 1778 illigatuS.
548 1714 721 1778 atque
744 1707 898 1764 illum
925 1707 1251 1778 ambiguum
1272 1728 1459 1764 novus
1482 1710 1715 1779 insuper
1735 1711 1967 1764 nuntius
1990 1707 2373 1764 contumeliae

249 1803 571 1861 extimulat:
598 1808 809 1874 quippe
833 1815 1097 1874 egressus
1124 1803 1402 1860 Armenia
1445 1803 1717 1875 Tigranes
1745 1802 2101 1870 AdiabenOS,
2145 1810 2374 1860 conter-

248 1904 460 1957 minam
496 1903 806 1967 nationem,
846 1899 1015 1956 latius
1050 1921 1118 1956 ac
1142 1900 1353 1956 diutius
1378 1921 1550 1970 quam
1571 1921 1675 1971 per
1696 1899 1999 1957 latrocinia
2022 1905 2374 1966 vastaverat,

184 2022 227 2056 ιο
249 1996 425 2067 idque
483 1999 760 2066 primores
821 1999 1073 2066 gentium
1134 2008 1306 2067 aegre
1365 1995 1720 2052 tolerabant:
1784 2016 1856 2052 eo
1925 1998 2371 2066 contemptionis

253 2092 612 2158 descensum,
685 2098 748 2148 ut
807 2092 1089 2148 nestduce
1149 2091 1380 2162 quidem
1438 2092 1701 2148 Romano
1763 2095 2208 2157 incursarentur,
2270 2089 2377 2147 sed

251 2191 575 2245 temeritate
617 2186 833 2245 obsidis
872 2195 958 2245 tot
995 2209 1099 2259 per
1128 2208 1310 2244 annos
1330 2192 1479 2244 inter
1499 2191 1783 2259 mancipia
1803 2186 1997 2244 habiti.
2020 2186 2379 2244 accendebat

254 2284 515 2342 dolorem
554 2290 755 2340 e0rum
793 2284 1179 2350 MonobazuS,
1221 2305 1392 2355 quem
1443 2305 1624 2357 penes
1679 2283 2048 2341 Adiabenum
2105 2286 2377 2354 regimen,

255 2380 413 2452 quod
467 2380 819 2451 praesidium
873 2387 971 2436 aut
1027 2379 1181 2436 unde
1220 2387 1463 2452 peteret,
1513 2383 1798 2451 rogitans:
1839 2383 1953 2435 iam
1993 2379 2066 2436 de
2104 2378 2380 2435 Armenia

315 2579 349 2625 I.
413 2583 451 2626 1.
484 2582 675 2631 interea,
706 2579 788 2625 het
817 2580 1010 2626 verhaal
1041 2581 1176 2626 keert
1207 2580 1309 2626 hier
1339 2585 1474 2636 terug
1504 2585 1578 2626 tot
1594 2579 1672 2625 lib.
1694 2582 1760 2633 14,
1792 2581 1850 2624 26
1868 2597 1877 2633 ;
1897 2578 2106 2624 Corbulo
2124 2577 2218 2624 had
2234 2581 2282 2623 in
2298 2577 2381 2623 het

257 2642 369 2744 {aar}1
385 2642 444 2684 60
460 2638 709 2755 gTiridates
740 2643 809 2685 uit
841 2639 1246 2686 Groot-Armenie
1275 2639 1498 2697 verjaagd
1530 2656 1589 2685 en
1622 2639 1844 2695 Tigranes
1886 2655 1975 2684 een
2022 2638 2130 2683 deel
2173 2653 2266 2683 van
2312 2636 2381 2682 dit

276 2716 334 2745 an
401 2708 454 2755 ge
489 2714 622 2743 even.

347 2762 389 2803 2.
450 2770 711 2814 regemque,
745 2774 809 2803 sc.
844 2761 1051 2815 cognito.

348 2820 389 2863 3.
452 2817 689 2873 fastigium
728 2832 766 2846 =
805 2820 1097 2863 maiestatem
1129 2822 1177 2862 et
1206 2819 1482 2874 potentiam.

348 2879 390 2922 3.
453 2880 520 2921 ire
553 2876 709 2928 ultum.
744 2876 803 2921 cf.
837 2881 995 2923 c.49.:
1028 2877 1178 2923 ultum
1210 2877 1323 2922 ibat.

349 2939 390 2980 4.
455 2936 660 2980 foederis
689 2940 966 2987 reverentia,
998 2935 1205 2981 bedoeld
1236 2939 1274 2981 is
1307 2935 1388 2980 het
1414 2934 1615 2992 verdrag
1630 2937 1677 2979 in
1694 2937 1753 2979 20
1769 2951 1812 2979 v.
1831 2933 1883 2980 C.
1901 2932 2124 2979 tusschen
2141 2932 2384 2988 Augustus

261 3011 322 3040 en
354 2995 413 3039 de
446 2995 650 3040 Parthen
680 2996 919 3050 gesloten;
954 2996 1022 3040 dit
1053 2995 1270 3041 verbond
1301 3011 1399 3040 was
1440 3000 1513 3040 tot
1558 3003 1653 3051 nog
1683 2999 1764 3039 toe
1797 2992 1919 3039 door
1950 3002 2068 3050 geen
2114 2991 2383 3050 openlijken

263 3054 432 3111 oorlog
461 3054 745 3099 verbroken.

350 3115 392 3157 6.
457 3113 715 3158 defectione
744 3113 1091 3170 Hyrcanorum,
1125 3113 1185 3158 cf.
1220 3115 1288 3158 13.
1321 3116 1376 3158 37
1409 3129 1469 3158 en
1503 3115 1571 3166 14,
1604 3114 1676 3157 25.

352 3175 393 3217 6.
457 3187 515 3216 ex
561 3188 630 3223 ea,
677 3174 1116 3230 niettegenstaande
1164 3173 1436 3218 delectione
1477 3171 1770 3228 voorafgaat,
1803 3170 1863 3216 cf.
1899 3172 1967 3223 12.
1999 3171 2084 3215 43:
2119 3172 2304 3226 egestas
2335 3171 2384 3213 et

265 3236 371 3277 orta
405 3247 462 3275 ex
493 3247 551 3276 eo
584 3232 746 3277 fames.

354 3294 395 3335 7.
459 3306 608 3393 nfvus
635 3324 645 3335 .
678 3324 687 3335 .
717 3324 726 3335 .
756 3324 767 3335 .
825 3294 1013 3336 nuntius
1070 3289 1389 3343 contumeliae,
1447 3289 1659 3346 enallage
1714 3291 1743 3333 i.
1770 3306 1815 3346 p.
1842 3305 1921 3334 v.:
1980 3290 2170 3333 nuntius
2228 3301 2384 3331 novae

267 3356 486 3394 contume
508 3353 595 3395 iae.

354 3411 396 3453 8.
457 3408 749 3461 Adiabenos,
781 3412 828 3453 in
859 3409 1069 3465 Assyrie,
1103 3425 1190 3453 een
1222 3408 1327 3453 deel
1358 3425 1450 3454 van
1480 3407 1562 3452 het
1594 3413 1794 3463 tegenw.
1826 3405 2124 3453 Koerdistan,
2148 3402 2385 3457 cf.12,13.

355 3470 397 3512 9.
460 3473 741 3521 vastaverat,
772 3485 892 3513 voor
923 3474 1109 3513 vastare
1141 3469 1342 3524 aliquem
1374 3471 1401 3512 i.
1419 3484 1465 3524 p.
1483 3485 1526 3513 v.
1559 3472 1731 3512 terram
1762 3467 1970 3519 alicuius,
1989 3463 2048 3509 cf.
2070 3467 2138 3517 14,
2156 3465 2242 3508 23:
2265 3477 2385 3519 quos

270 3526 479 3572 Corbulo
512 3531 728 3572 vastavit.

331 3589 398 3630 12.
462 3586 652 3638 obsidis.
689 3587 912 3642 Tigranis,
947 3586 1060 3631 daar
1092 3585 1206 3631 deze
1238 3585 1406 3642 langen
1438 3584 1518 3641 tijd
1536 3589 1583 3629 te
1600 3583 1751 3629 Rome
1768 3583 1835 3628 als
1853 3582 2063 3639 gijzelaar
2079 3580 2173 3626 had
2189 3578 2388 3636 geleefd.

331 3647 399 3690 13.
459 3645 771 3698 Monobazus,
805 3645 919 3690 dcze
951 3661 1049 3690 was
1081 3650 1167 3702 zijn
1200 3645 1341 3690 broer
1372 3644 1522 3689 Izates
1555 3660 1617 3701 op
1651 3643 1745 3688 den
1775 3648 1918 3688 troon
1950 3639 2229 3699 opgevolgd.
