<?xml version="1.0" encoding="UTF-8"?>
<!DOCTYPE html PUBLIC "-//W3C//DTD XHTML 1.0 Transitional//EN"
    "http://www.w3.org/TR/xhtml1/DTD/xhtml1-transitional.dtd">
<html xmlns="http://www.w3.org/1999/xhtml" xml:lang="en" lang="en">
 <head>
  <title>
</title>
<meta http-equiv="Content-Type" content="text/html;charset=utf-8" />
  <meta name='ocr-system' content='tesseract 3.04.00' />
  <meta name='ocr-capabilities' content='ocr_page ocr_carea ocr_par ocr_line ocrx_word'/>
</head>
<body>
  <div class='ocr_page' id='page_1' title='image "abexcessudiviaug00taciuoft_0050.png"; bbox 0 0 2574 3912; ppageno 0'>
   <div class='ocr_carea' id='block_1_1' title="bbox 309 153 1788 228">
    <p class='ocr_par' dir='ltr' id='par_1_1' title="bbox 309 153 1788 228">
     <span class='ocr_line' id='line_1_1' title="bbox 309 153 1788 228; baseline 0.001 -16"><span class='ocrx_word' id='word_1_1' title='bbox 309 161 381 212; x_wconf 83' lang='lat'><strong>46</strong></span> <span class='ocrx_word' id='word_1_2' title='bbox 1062 153 1409 212; x_wconf 87' lang='lat' dir='ltr'><strong>CORNELII</strong></span> <span class='ocrx_word' id='word_1_3' title='bbox 1444 155 1693 213; x_wconf 87' lang='lat' dir='ltr'><strong>TACITI</strong></span> <span class='ocrx_word' id='word_1_4' title='bbox 1742 172 1749 177; x_wconf 45' lang='lat'><strong>‘⁷</strong></span> <span class='ocrx_word' id='word_1_5' title='bbox 1783 215 1788 228; x_wconf 60' lang='lat'><strong>.</strong></span> 
     </span>
    </p>
   </div>
   <div class='ocr_carea' id='block_1_2' title="bbox 307 315 2440 392">
    <p class='ocr_par' dir='ltr' id='par_1_2' title="bbox 307 315 2440 392">
     <span class='ocr_line' id='line_1_2' title="bbox 307 315 2440 392; baseline 0.002 -17"><span class='ocrx_word' id='word_1_6' title='bbox 307 317 402 376; x_wconf 83' lang='lat' dir='ltr'><strong>LI.</strong></span> <span class='ocrx_word' id='word_1_7' title='bbox 476 315 806 390; x_wconf 81' lang='lat' dir='ltr'>Epicharis</span> <span class='ocrx_word' id='word_1_8' title='bbox 832 316 1041 375; x_wconf 84' lang='lat' dir='ltr'><strong>tracht</strong></span> <span class='ocrx_word' id='word_1_9' title='bbox 1067 315 1150 375; x_wconf 89' lang='lat' dir='ltr'><strong>de</strong></span> <span class='ocrx_word' id='word_1_10' title='bbox 1179 316 1665 390; x_wconf 85' lang='lat' dir='ltr'><strong>manschappen</strong></span> <span class='ocrx_word' id='word_1_11' title='bbox 1695 316 1814 376; x_wconf 89' lang='lat' dir='ltr'><strong>der</strong></span> <span class='ocrx_word' id='word_1_12' title='bbox 1845 317 2018 376; x_wconf 84' lang='lat' dir='ltr'><strong>vloot</strong></span> <span class='ocrx_word' id='word_1_13' title='bbox 2052 338 2133 392; x_wconf 90' lang='lat' dir='ltr'><strong>op</strong></span> <span class='ocrx_word' id='word_1_14' title='bbox 2151 324 2216 378; x_wconf 86' lang='lat' dir='ltr'><strong>te</strong></span> <span class='ocrx_word' id='word_1_15' title='bbox 2234 321 2440 379; x_wconf 85' lang='lat' dir='ltr'><strong>ruien.</strong></span> 
     </span>
    </p>
   </div>
   <div class='ocr_carea' id='block_1_3' title="bbox 306 470 2442 641">
    <p class='ocr_par' dir='ltr' id='par_1_3' title="bbox 306 470 2442 641">
     <span class='ocr_line' id='line_1_3' title="bbox 375 470 2441 545; baseline 0.003 -19"><span class='ocrx_word' id='word_1_16' title='bbox 375 471 457 526; x_wconf 87' lang='lat' dir='ltr'><strong>LI.</strong></span> <span class='ocrx_word' id='word_1_17' title='bbox 533 470 763 528; x_wconf 77' lang='lat' dir='ltr'><strong>[nterim</strong></span> <span class='ocrx_word' id='word_1_18' title='bbox 820 471 1220 528; x_wconf 77' lang='lat' dir='ltr'><strong>cunctantibus</strong></span> <span class='ocrx_word' id='word_1_19' title='bbox 1277 471 1814 544; x_wconf 75' lang='lat' dir='ltr'><strong>prolatantibusque</strong></span> <span class='ocrx_word' id='word_1_20' title='bbox 1873 494 2037 545; x_wconf 90' lang='lat' dir='ltr'><strong>spem</strong></span> <span class='ocrx_word' id='word_1_21' title='bbox 2101 494 2169 531; x_wconf 93' lang='lat' dir='ltr'><strong>ac</strong></span> <span class='ocrx_word' id='word_1_22' title='bbox 2224 481 2441 533; x_wconf 88' lang='lat' dir='ltr'><strong>metum</strong></span> 
     </span>
     <span class='ocr_line' id='line_1_4' title="bbox 306 566 2442 641; baseline 0.001 -17"><span class='ocrx_word' id='word_1_23' title='bbox 306 566 601 638; x_wconf 87' lang='lat' dir='ltr'><strong>Epicharis</strong></span> <span class='ocrx_word' id='word_1_24' title='bbox 638 566 942 638; x_wconf 84' lang='lat' dir='ltr'><strong>quaedam,</strong></span> <span class='ocrx_word' id='word_1_25' title='bbox 982 571 1264 624; x_wconf 89' lang='lat' dir='ltr'><strong>incertum</strong></span> <span class='ocrx_word' id='word_1_26' title='bbox 1304 588 1557 639; x_wconf 89' lang='lat' dir='ltr'><strong>quonam</strong></span> <span class='ocrx_word' id='word_1_27' title='bbox 1595 569 1771 626; x_wconf 89' lang='lat' dir='ltr'><strong>modo</strong></span> <span class='ocrx_word' id='word_1_28' title='bbox 1810 573 2104 626; x_wconf 89' lang='lat' dir='ltr'><strong>sciscitata</strong></span> <span class='ocrx_word' id='word_1_29' title='bbox 2131 569 2344 641; x_wconf 89' lang='lat' dir='ltr'><strong>(neque</strong></span> <span class='ocrx_word' id='word_1_30' title='bbox 2363 570 2442 628; x_wconf 88' lang='lat' dir='ltr'><strong>illi</strong></span> 
     </span>
    </p>
   </div>
   <div class='ocr_carea' id='block_1_4' title="bbox 309 661 2533 738">
    <p class='ocr_par' dir='ltr' id='par_1_4' title="bbox 309 661 2533 738">
     <span class='ocr_line' id='line_1_5' title="bbox 309 661 2533 738; baseline 0.002 -20"><span class='ocrx_word' id='word_1_31' title='bbox 309 670 442 719; x_wconf 91' lang='lat' dir='ltr'><strong>ante</strong></span> <span class='ocrx_word' id='word_1_32' title='bbox 500 661 615 719; x_wconf 91' lang='lat' dir='ltr'><strong>ulla</strong></span> <span class='ocrx_word' id='word_1_33' title='bbox 651 683 844 719; x_wconf 92' lang='lat' dir='ltr'><strong>rerum</strong></span> <span class='ocrx_word' id='word_1_34' title='bbox 880 662 1253 720; x_wconf 89' lang='lat' dir='ltr'><strong>honestarum</strong></span> <span class='ocrx_word' id='word_1_35' title='bbox 1292 684 1430 720; x_wconf 91' lang='lat' dir='ltr'><strong>cura</strong></span> <span class='ocrx_word' id='word_1_36' title='bbox 1469 665 1695 733; x_wconf 82' lang='lat' dir='ltr'><strong>iuerat),</strong></span> <span class='ocrx_word' id='word_1_37' title='bbox 1737 665 2062 722; x_wconf 83' lang='lat' dir='ltr'><strong>accendere</strong></span> <span class='ocrx_word' id='word_1_38' title='bbox 2101 671 2160 722; x_wconf 92' lang='lat' dir='ltr'><strong>et</strong></span> <span class='ocrx_word' id='word_1_39' title='bbox 2199 677 2440 738; x_wconf 75' lang='lat' dir='ltr'><strong>arguere</strong></span> <span class='ocrx_word' id='word_1_40' title='bbox 2527 671 2533 678; x_wconf 85' lang='grc'>’</span> 
     </span>
    </p>
   </div>
   <div class='ocr_carea' id='block_1_5' title="bbox 239 744 2444 2463">
    <p class='ocr_par' dir='ltr' id='par_1_5' title="bbox 239 744 2444 2463">
     <span class='ocr_line' id='line_1_6' title="bbox 309 744 2440 914; baseline 0.002 -99"><span class='ocrx_word' id='word_1_41' title='bbox 309 755 656 824; x_wconf 87' lang='lat' dir='ltr'><strong>coniuratos,</strong></span> <span class='ocrx_word' id='word_1_42' title='bbox 698 779 767 814; x_wconf 89' lang='lat' dir='ltr'><strong>ac</strong></span> <span class='ocrx_word' id='word_1_43' title='bbox 804 765 1161 830; x_wconf 90' lang='lat' dir='ltr'><strong>postremum</strong></span> <span class='ocrx_word' id='word_1_44' title='bbox 1199 760 1555 818; x_wconf 76' lang='lat' dir='ltr'><strong>lentitudinis</strong></span> <span class='ocrx_word' id='word_1_45' title='bbox 1595 781 1798 817; x_wconf 92' lang='lat' dir='ltr'><strong>eorum</strong></span> <span class='ocrx_word' id='word_1_46' title='bbox 1817 744 2247 914; x_wconf 42' lang='lat' dir='ltr'><strong>pertaesffieJin</strong></span> <span class='ocrx_word' id='word_1_47' title='bbox 2269 761 2440 820; x_wconf 90' lang='lat' dir='ltr'><strong>Cam-</strong></span> 
     </span>
     <span class='ocr_line' id='line_1_7' title="bbox 261 854 2442 926; baseline 0.001 -14"><span class='ocrx_word' id='word_1_48' title='bbox 261 879 283 912; x_wconf 85' lang='lat'>5</span> <span class='ocrx_word' id='word_1_49' title='bbox 305 858 480 926; x_wconf 88' lang='lat' dir='ltr'><strong>pania</strong></span> <span class='ocrx_word' id='word_1_50' title='bbox 537 866 713 925; x_wconf 85' lang='lat' dir='ltr'><strong>agens</strong></span> <span class='ocrx_word' id='word_1_51' title='bbox 761 857 1045 925; x_wconf 90' lang='lat' dir='ltr'><strong>primores</strong></span> <span class='ocrx_word' id='word_1_52' title='bbox 1100 854 1523 913; x_wconf 87' lang='lat' dir='ltr'><strong>classiariorum</strong></span> <span class='ocrx_word' id='word_1_53' title='bbox 1561 855 1974 914; x_wconf 89' lang='lat' dir='ltr'><strong>Misenensium</strong></span> <span class='ocrx_word' id='word_1_54' title='bbox 2011 857 2143 914; x_wconf 89' lang='lat' dir='ltr'><strong>labe</strong></span> <span class='ocrx_word' id='word_1_55' title='bbox 2171 878 2343 915; x_wconf 88' lang='lat' dir='ltr'><strong>acere</strong></span> <span class='ocrx_word' id='word_1_56' title='bbox 2382 865 2442 915; x_wconf 87' lang='lat' dir='ltr'><strong>et</strong></span> 
     </span>
     <span class='ocr_line' id='line_1_8' title="bbox 306 950 2442 1021; baseline 0.002 -15"><span class='ocrx_word' id='word_1_57' title='bbox 306 953 658 1007; x_wconf 90' lang='lat' dir='ltr'><strong>conscientia</strong></span> <span class='ocrx_word' id='word_1_58' title='bbox 713 950 928 1021; x_wconf 74' lang='lat' dir='ltr'><strong>illigare</strong></span> <span class='ocrx_word' id='word_1_59' title='bbox 987 955 1188 1007; x_wconf 85' lang='lat' dir='ltr'><strong>conisa</strong></span> <span class='ocrx_word' id='word_1_60' title='bbox 1241 959 1331 1008; x_wconf 92' lang='lat' dir='ltr'><strong>est</strong></span> <span class='ocrx_word' id='word_1_61' title='bbox 1388 952 1490 1008; x_wconf 89' lang='lat' dir='ltr'><strong>tali</strong></span> <span class='ocrx_word' id='word_1_62' title='bbox 1525 955 1704 1009; x_wconf 91' lang='lat' dir='ltr'><strong>initio.</strong></span> <span class='ocrx_word' id='word_1_63' title='bbox 1746 959 1871 1010; x_wconf 91' lang='lat' dir='ltr'><strong>erat</strong></span> <span class='ocrx_word' id='word_1_64' title='bbox 1908 954 2233 1011; x_wconf 90' lang='lat' dir='ltr'><strong>nauarchus</strong></span> <span class='ocrx_word' id='word_1_65' title='bbox 2270 957 2330 1010; x_wconf 93' lang='lat' dir='ltr'><strong>in</strong></span> <span class='ocrx_word' id='word_1_66' title='bbox 2371 975 2442 1011; x_wconf 90' lang='lat' dir='ltr'><strong>ea</strong></span> 
     </span>
     <span class='ocr_line' id='line_1_9' title="bbox 308 1046 2440 1127; baseline 0.002 -25"><span class='ocrx_word' id='word_1_67' title='bbox 308 1046 492 1102; x_wconf 90' lang='lat' dir='ltr'><strong>classe</strong></span> <span class='ocrx_word' id='word_1_68' title='bbox 548 1046 819 1103; x_wconf 90' lang='lat' dir='ltr'><strong>Volusius</strong></span> <span class='ocrx_word' id='word_1_69' title='bbox 868 1046 1159 1112; x_wconf 78' lang='lat' dir='ltr'><strong>ProculuS,</strong></span> <span class='ocrx_word' id='word_1_70' title='bbox 1203 1047 1563 1104; x_wconf 91' lang='lat' dir='ltr'><strong>occidendae</strong></span> <span class='ocrx_word' id='word_1_71' title='bbox 1602 1051 1799 1106; x_wconf 90' lang='lat' dir='ltr'><strong>matris</strong></span> <span class='ocrx_word' id='word_1_72' title='bbox 1838 1049 2056 1106; x_wconf 89' lang='lat' dir='ltr'><strong>Neroni</strong></span> <span class='ocrx_word' id='word_1_73' title='bbox 2092 1053 2243 1127; x_wconf 87' lang='lat' dir='ltr'><strong>inter</strong></span> <span class='ocrx_word' id='word_1_74' title='bbox 2276 1052 2440 1106; x_wconf 88' lang='lat' dir='ltr'><strong>mini-</strong></span> 
     </span>
     <span class='ocr_line' id='line_1_10' title="bbox 309 1115 2444 1225; baseline 0.002 -26"><span class='ocrx_word' id='word_1_75' title='bbox 309 1150 476 1208; x_wconf 81' lang='lat' dir='ltr'><strong>strOS,</strong></span> <span class='ocrx_word' id='word_1_76' title='bbox 522 1163 639 1199; x_wconf 90' lang='lat' dir='ltr'><strong>non</strong></span> <span class='ocrx_word' id='word_1_77' title='bbox 673 1163 748 1199; x_wconf 88' lang='lat' dir='ltr'><strong>ex</strong></span> <span class='ocrx_word' id='word_1_78' title='bbox 775 1142 1167 1214; x_wconf 76' lang='lat' dir='ltr'><strong>magnitudine</strong></span> <span class='ocrx_word' id='word_1_79' title='bbox 1189 1142 1422 1199; x_wconf 91' lang='lat' dir='ltr'><strong>sceleris</strong></span> <span class='ocrx_word' id='word_1_80' title='bbox 1443 1151 1774 1214; x_wconf 83' lang='lat' dir='ltr'><strong>provectuS,</strong></span> <span class='ocrx_word' id='word_1_81' title='bbox 1796 1151 1859 1202; x_wconf 91' lang='lat' dir='ltr'><strong>ut</strong></span> <span class='ocrx_word' id='word_1_82' title='bbox 1878 1115 2201 1225; x_wconf 52' lang='lat' dir='ltr'><strong>rebatuffli‘s</strong></span> <span class='ocrx_word' id='word_1_83' title='bbox 2219 1146 2444 1203; x_wconf 88' lang='lat' dir='ltr'><strong>mulieri</strong></span> 
     </span>
     <span class='ocr_line' id='line_1_11' title="bbox 309 1237 2442 1312; baseline 0.002 -17"><span class='ocrx_word' id='word_1_84' title='bbox 309 1239 443 1295; x_wconf 88' lang='lat' dir='ltr'><strong>olim</strong></span> <span class='ocrx_word' id='word_1_85' title='bbox 481 1242 777 1310; x_wconf 87' lang='lat' dir='ltr'><strong>cognitus,·</strong></span> <span class='ocrx_word' id='word_1_86' title='bbox 798 1259 902 1296; x_wconf 90' lang='lat' dir='ltr'><strong>seu</strong></span> <span class='ocrx_word' id='word_1_87' title='bbox 940 1259 1147 1295; x_wconf 89' lang='lat' dir='ltr'><strong>recens</strong></span> <span class='ocrx_word' id='word_1_88' title='bbox 1175 1245 1305 1296; x_wconf 91' lang='lat' dir='ltr'><strong>orta</strong></span> <span class='ocrx_word' id='word_1_89' title='bbox 1326 1242 1589 1306; x_wconf 89' lang='lat' dir='ltr'><strong>amicitia,</strong></span> <span class='ocrx_word' id='word_1_90' title='bbox 1613 1240 1749 1297; x_wconf 89' lang='lat' dir='ltr'><strong>dum</strong></span> <span class='ocrx_word' id='word_1_91' title='bbox 1769 1244 1974 1298; x_wconf 89' lang='lat' dir='ltr'><strong>merita</strong></span> <span class='ocrx_word' id='word_1_92' title='bbox 1993 1237 2130 1312; x_wconf 80' lang='lat' dir='ltr'><strong>erg&#39;a</strong></span> <span class='ocrx_word' id='word_1_93' title='bbox 2148 1241 2442 1299; x_wconf 88' lang='lat' dir='ltr'><strong>Neronem</strong></span> 
     </span>
     <span class='ocr_line' id='line_1_12' title="bbox 243 1335 2443 1409; baseline 0.002 -18"><span class='ocrx_word' id='word_1_94' title='bbox 243 1351 284 1384; x_wconf 86' lang='lat'><strong>10</strong></span> <span class='ocrx_word' id='word_1_95' title='bbox 308 1356 428 1401; x_wconf 87' lang='lat' dir='ltr'><strong>sua,</strong></span> <span class='ocrx_word' id='word_1_96' title='bbox 488 1342 546 1391; x_wconf 90' lang='lat' dir='ltr'><strong>et</strong></span> <span class='ocrx_word' id='word_1_97' title='bbox 585 1355 758 1405; x_wconf 89' lang='lat' dir='ltr'><strong>quam</strong></span> <span class='ocrx_word' id='word_1_98' title='bbox 794 1338 854 1391; x_wconf 90' lang='lat' dir='ltr'><strong>in</strong></span> <span class='ocrx_word' id='word_1_99' title='bbox 890 1338 1111 1392; x_wconf 85' lang='lat' dir='ltr'><strong>irritum</strong></span> <span class='ocrx_word' id='word_1_100' title='bbox 1149 1335 1508 1402; x_wconf 84' lang='lat' dir='ltr'><strong>cecidissent,</strong></span> <span class='ocrx_word' id='word_1_101' title='bbox 1551 1340 1735 1408; x_wconf 89' lang='lat' dir='ltr'><strong>aperit</strong></span> <span class='ocrx_word' id='word_1_102' title='bbox 1774 1336 2063 1408; x_wconf 89' lang='lat' dir='ltr'><strong>adicitque</strong></span> <span class='ocrx_word' id='word_1_103' title='bbox 2105 1344 2346 1409; x_wconf 89' lang='lat' dir='ltr'><strong>questus</strong></span> <span class='ocrx_word' id='word_1_104' title='bbox 2383 1344 2443 1395; x_wconf 85' lang='lat' dir='ltr'><strong>et</strong></span> 
     </span>
     <span class='ocr_line' id='line_1_13' title="bbox 308 1431 2441 1505; baseline 0.002 -18"><span class='ocrx_word' id='word_1_105' title='bbox 308 1432 751 1488; x_wconf 85' lang='lat' dir='ltr'><strong>destinationem</strong></span> <span class='ocrx_word' id='word_1_106' title='bbox 806 1431 1114 1498; x_wconf 88' lang='lat' dir='ltr'><strong>vindictae,</strong></span> <span class='ocrx_word' id='word_1_107' title='bbox 1173 1435 1221 1487; x_wconf 89' lang='lat' dir='ltr'><strong>si</strong></span> <span class='ocrx_word' id='word_1_108' title='bbox 1261 1431 1504 1488; x_wconf 78' lang='lat' dir='ltr'><strong>facultas</strong></span> <span class='ocrx_word' id='word_1_109' title='bbox 1545 1439 1821 1499; x_wconf 89' lang='lat' dir='ltr'><strong>oreretur,</strong></span> <span class='ocrx_word' id='word_1_110' title='bbox 1862 1454 2026 1505; x_wconf 89' lang='lat' dir='ltr'><strong>spem</strong></span> <span class='ocrx_word' id='word_1_111' title='bbox 2065 1433 2226 1492; x_wconf 91' lang='lat' dir='ltr'><strong>dedit</strong></span> <span class='ocrx_word' id='word_1_112' title='bbox 2264 1455 2441 1505; x_wconf 88' lang='lat' dir='ltr'><strong>posse</strong></span> 
     </span>
     <span class='ocr_line' id='line_1_14' title="bbox 306 1526 2442 1598; baseline 0.001 -14"><span class='ocrx_word' id='word_1_113' title='bbox 306 1527 499 1598; x_wconf 86' lang='lat' dir='ltr'><strong>inpelli</strong></span> <span class='ocrx_word' id='word_1_114' title='bbox 538 1534 596 1583; x_wconf 94' lang='lat' dir='ltr'><strong>et</strong></span> <span class='ocrx_word' id='word_1_115' title='bbox 632 1526 824 1598; x_wconf 90' lang='lat' dir='ltr'><strong>plures</strong></span> <span class='ocrx_word' id='word_1_116' title='bbox 863 1526 1200 1584; x_wconf 89' lang='lat' dir='ltr'><strong>conciliare:</strong></span> <span class='ocrx_word' id='word_1_117' title='bbox 1236 1549 1347 1584; x_wconf 89' lang='lat' dir='ltr'><strong>nec</strong></span> <span class='ocrx_word' id='word_1_118' title='bbox 1385 1528 1513 1584; x_wconf 90' lang='lat' dir='ltr'><strong>leve</strong></span> <span class='ocrx_word' id='word_1_119' title='bbox 1555 1529 1827 1585; x_wconf 88' lang='lat' dir='ltr'><strong>auxilium</strong></span> <span class='ocrx_word' id='word_1_120' title='bbox 1862 1533 1923 1586; x_wconf 90' lang='lat' dir='ltr'><strong>in</strong></span> <span class='ocrx_word' id='word_1_121' title='bbox 1961 1529 2163 1596; x_wconf 89' lang='lat' dir='ltr'><strong>classe,</strong></span> <span class='ocrx_word' id='word_1_122' title='bbox 2204 1530 2442 1587; x_wconf 84' lang='lat' dir='ltr'><strong>crebras</strong></span> 
     </span>
     <span class='ocr_line' id='line_1_15' title="bbox 308 1622 2441 1697; baseline 0.001 -18"><span class='ocrx_word' id='word_1_123' title='bbox 308 1626 662 1690; x_wconf 83' lang='lat' dir='ltr'><strong>occasioneS,</strong></span> <span class='ocrx_word' id='word_1_124' title='bbox 721 1626 856 1694; x_wconf 90' lang='lat' dir='ltr'><strong>quia</strong></span> <span class='ocrx_word' id='word_1_125' title='bbox 902 1622 1059 1680; x_wconf 91' lang='lat' dir='ltr'><strong>Nero</strong></span> <span class='ocrx_word' id='word_1_126' title='bbox 1107 1623 1299 1697; x_wconf 55' lang='lat' dir='ltr'><strong>„1132th</strong></span> <span class='ocrx_word' id='word_1_127' title='bbox 1332 1624 1487 1695; x_wconf 81' lang='lat' dir='ltr'><strong>apud</strong></span> <span class='ocrx_word' id='word_1_128' title='bbox 1523 1624 1798 1682; x_wconf 91' lang='lat' dir='ltr'><strong>Puteolos</strong></span> <span class='ocrx_word' id='word_1_129' title='bbox 1839 1632 1898 1682; x_wconf 94' lang='lat' dir='ltr'><strong>et</strong></span> <span class='ocrx_word' id='word_1_130' title='bbox 1935 1624 2225 1682; x_wconf 87' lang='lat' dir='ltr'><strong>Misenum</strong></span> <span class='ocrx_word' id='word_1_131' title='bbox 2266 1629 2441 1684; x_wconf 90' lang='lat' dir='ltr'><strong>maris</strong></span> 
     </span>
     <span class='ocr_line' id='line_1_16' title="bbox 306 1719 2442 1794; baseline 0.002 -19"><span class='ocrx_word' id='word_1_132' title='bbox 306 1740 415 1775; x_wconf 85' lang='lat' dir='ltr'><strong>usu</strong></span> <span class='ocrx_word' id='word_1_133' title='bbox 472 1719 813 1776; x_wconf 88' lang='lat' dir='ltr'><strong>laetabatur.</strong></span> <span class='ocrx_word' id='word_1_134' title='bbox 875 1731 1011 1790; x_wconf 87' lang='lat' dir='ltr'><strong>ergo</strong></span> <span class='ocrx_word' id='word_1_135' title='bbox 1069 1719 1363 1791; x_wconf 91' lang='lat' dir='ltr'><strong>Epicharis</strong></span> <span class='ocrx_word' id='word_1_136' title='bbox 1419 1720 1617 1791; x_wconf 89' lang='lat' dir='ltr'><strong>plura;</strong></span> <span class='ocrx_word' id='word_1_137' title='bbox 1681 1728 1740 1778; x_wconf 87' lang='lat' dir='ltr'><strong>et</strong></span> <span class='ocrx_word' id='word_1_138' title='bbox 1797 1725 1990 1778; x_wconf 90' lang='lat' dir='ltr'><strong>omnia</strong></span> <span class='ocrx_word' id='word_1_139' title='bbox 2028 1722 2254 1779; x_wconf 89' lang='lat' dir='ltr'><strong>scelera</strong></span> <span class='ocrx_word' id='word_1_140' title='bbox 2287 1725 2442 1794; x_wconf 91' lang='lat' dir='ltr'><strong>prin-</strong></span> 
     </span>
     <span class='ocr_line' id='line_1_17' title="bbox 243 1815 2441 1890; baseline 0.001 -17"><span class='ocrx_word' id='word_1_141' title='bbox 243 1840 283 1873; x_wconf 86' lang='lat'><strong>15</strong></span> <span class='ocrx_word' id='word_1_142' title='bbox 308 1819 448 1886; x_wconf 79' lang='lat' dir='ltr'><strong>cipis</strong></span> <span class='ocrx_word' id='word_1_143' title='bbox 488 1815 743 1872; x_wconf 91' lang='lat' dir='ltr'><strong>orditur:</strong></span> <span class='ocrx_word' id='word_1_144' title='bbox 803 1836 995 1886; x_wconf 92' lang='lat' dir='ltr'><strong>neque</strong></span> <span class='ocrx_word' id='word_1_145' title='bbox 1050 1820 1233 1873; x_wconf 90' lang='lat' dir='ltr'><strong>sancti</strong></span> <span class='ocrx_word' id='word_1_146' title='bbox 1295 1817 1608 1887; x_wconf 90' lang='lat' dir='ltr'><strong>quidquam</strong></span> <span class='ocrx_word' id='word_1_147' title='bbox 1664 1838 1918 1875; x_wconf 91' lang='lat' dir='ltr'><strong>manere.</strong></span> <span class='ocrx_word' id='word_1_148' title='bbox 1972 1817 2092 1875; x_wconf 92' lang='lat' dir='ltr'><strong>Sed</strong></span> <span class='ocrx_word' id='word_1_149' title='bbox 2129 1822 2441 1890; x_wconf 83' lang='lat' dir='ltr'><strong>provisum,</strong></span> 
     </span>
     <span class='ocr_line' id='line_1_18' title="bbox 307 1911 2441 1986; baseline 0.002 -18"><span class='ocrx_word' id='word_1_150' title='bbox 307 1933 559 1982; x_wconf 90' lang='lat' dir='ltr'><strong>quonam</strong></span> <span class='ocrx_word' id='word_1_151' title='bbox 614 1911 788 1968; x_wconf 93' lang='lat' dir='ltr'><strong>modo</strong></span> <span class='ocrx_word' id='word_1_152' title='bbox 845 1933 1069 1983; x_wconf 89' lang='lat' dir='ltr'><strong>poenas</strong></span> <span class='ocrx_word' id='word_1_153' title='bbox 1127 1934 1371 1970; x_wconf 89' lang='lat' dir='ltr'><strong>eversae</strong></span> <span class='ocrx_word' id='word_1_154' title='bbox 1424 1917 1510 1970; x_wconf 92' lang='lat' dir='ltr'><strong>rei</strong></span> <span class='ocrx_word' id='word_1_155' title='bbox 1559 1913 1826 1985; x_wconf 89' lang='lat' dir='ltr'><strong>publicae</strong></span> <span class='ocrx_word' id='word_1_156' title='bbox 1905 1915 2101 1972; x_wconf 90' lang='lat' dir='ltr'><strong>daret:</strong></span> <span class='ocrx_word' id='word_1_157' title='bbox 2181 1918 2441 1986; x_wconf 90' lang='lat' dir='ltr'><strong>accinge-</strong></span> 
     </span>
     <span class='ocr_line' id='line_1_19' title="bbox 307 2007 2442 2080; baseline 0.002 -16"><span class='ocrx_word' id='word_1_158' title='bbox 307 2016 464 2065; x_wconf 87' lang='lat' dir='ltr'><strong>retur</strong></span> <span class='ocrx_word' id='word_1_159' title='bbox 532 2007 708 2065; x_wconf 91' lang='lat' dir='ltr'><strong>modo</strong></span> <span class='ocrx_word' id='word_1_160' title='bbox 784 2028 1001 2065; x_wconf 90' lang='lat' dir='ltr'><strong>navare</strong></span> <span class='ocrx_word' id='word_1_161' title='bbox 1083 2030 1320 2080; x_wconf 90' lang='lat' dir='ltr'><strong>operam</strong></span> <span class='ocrx_word' id='word_1_162' title='bbox 1396 2017 1456 2066; x_wconf 88' lang='lat' dir='ltr'><strong>et</strong></span> <span class='ocrx_word' id='word_1_163' title='bbox 1530 2009 1769 2067; x_wconf 87' lang='lat' dir='ltr'><strong>militum</strong></span> <span class='ocrx_word' id='word_1_164' title='bbox 1845 2013 2157 2068; x_wconf 89' lang='lat' dir='ltr'><strong>acerrimos</strong></span> <span class='ocrx_word' id='word_1_165' title='bbox 2229 2010 2442 2068; x_wconf 85' lang='lat' dir='ltr'><strong>ducere</strong></span> 
     </span>
     <span class='ocr_line' id='line_1_20' title="bbox 307 2105 2443 2176; baseline 0.001 -16"><span class='ocrx_word' id='word_1_166' title='bbox 307 2109 365 2160; x_wconf 91' lang='lat' dir='ltr'><strong>in</strong></span> <span class='ocrx_word' id='word_1_167' title='bbox 402 2112 612 2175; x_wconf 84' lang='lat' dir='ltr'><strong>parteS,</strong></span> <span class='ocrx_word' id='word_1_168' title='bbox 654 2125 721 2161; x_wconf 91' lang='lat' dir='ltr'><strong>ac</strong></span> <span class='ocrx_word' id='word_1_169' title='bbox 761 2105 933 2176; x_wconf 91' lang='lat' dir='ltr'><strong>digna</strong></span> <span class='ocrx_word' id='word_1_170' title='bbox 959 2108 1145 2176; x_wconf 89' lang='lat' dir='ltr'><strong>pretia</strong></span> <span class='ocrx_word' id='word_1_171' title='bbox 1167 2112 1520 2176; x_wconf 84' lang='lat' dir='ltr'><strong>expectaret.</strong></span> <span class='ocrx_word' id='word_1_172' title='bbox 1541 2109 1776 2164; x_wconf 89' lang='lat' dir='ltr'><strong>nomina</strong></span> <span class='ocrx_word' id='word_1_173' title='bbox 1796 2113 1992 2164; x_wconf 92' lang='lat' dir='ltr'><strong>tamen</strong></span> <span class='ocrx_word' id='word_1_174' title='bbox 2015 2109 2443 2164; x_wconf 88' lang='lat' dir='ltr'><strong>coniuratorum</strong></span> 
     </span>
     <span class='ocr_line' id='line_1_21' title="bbox 306 2201 2441 2275; baseline 0.002 -19"><span class='ocrx_word' id='word_1_175' title='bbox 306 2204 548 2258; x_wconf 85' lang='lat' dir='ltr'><strong>reticuit.</strong></span> <span class='ocrx_word' id='word_1_176' title='bbox 606 2202 762 2258; x_wconf 91' lang='lat' dir='ltr'><strong>unde</strong></span> <span class='ocrx_word' id='word_1_177' title='bbox 820 2201 1044 2259; x_wconf 89' lang='lat' dir='ltr'><strong>Proculi</strong></span> <span class='ocrx_word' id='word_1_178' title='bbox 1099 2202 1372 2259; x_wconf 89' lang='lat' dir='ltr'><strong>indicium</strong></span> <span class='ocrx_word' id='word_1_179' title='bbox 1428 2206 1659 2259; x_wconf 91' lang='lat' dir='ltr'><strong>inritum</strong></span> <span class='ocrx_word' id='word_1_180' title='bbox 1698 2202 1819 2269; x_wconf 81' lang='lat' dir='ltr'><strong>fuit,</strong></span> <span class='ocrx_word' id='word_1_181' title='bbox 1861 2206 2122 2274; x_wconf 88' lang='lat' dir='ltr'><strong>quamvis</strong></span> <span class='ocrx_word' id='word_1_182' title='bbox 2159 2225 2248 2270; x_wconf 88' lang='lat' dir='ltr'><strong>ea,</strong></span> <span class='ocrx_word' id='word_1_183' title='bbox 2289 2223 2441 2275; x_wconf 89' lang='lat' dir='ltr'><strong>quae</strong></span> 
     </span>
     <span class='ocr_line' id='line_1_22' title="bbox 239 2296 2442 2374; baseline 0.002 -22"><span class='ocrx_word' id='word_1_184' title='bbox 239 2329 283 2362; x_wconf 84' lang='lat'><strong>20</strong></span> <span class='ocrx_word' id='word_1_185' title='bbox 308 2296 584 2362; x_wconf 89' lang='lat' dir='ltr'><strong>audierat,</strong></span> <span class='ocrx_word' id='word_1_186' title='bbox 626 2296 701 2353; x_wconf 91' lang='lat' dir='ltr'><strong>ad</strong></span> <span class='ocrx_word' id='word_1_187' title='bbox 736 2296 1029 2354; x_wconf 90' lang='lat' dir='ltr'><strong>Neronem</strong></span> <span class='ocrx_word' id='word_1_188' title='bbox 1068 2297 1385 2355; x_wconf 89' lang='lat' dir='ltr'><strong>detulisset.</strong></span> <span class='ocrx_word' id='word_1_189' title='bbox 1428 2302 1613 2355; x_wconf 90' lang='lat' dir='ltr'><strong>accita</strong></span> <span class='ocrx_word' id='word_1_190' title='bbox 1651 2302 1863 2374; x_wconf 90' lang='lat' dir='ltr'><strong>quippe</strong></span> <span class='ocrx_word' id='word_1_191' title='bbox 1902 2298 2196 2370; x_wconf 88' lang='lat' dir='ltr'><strong>Epicharis</strong></span> <span class='ocrx_word' id='word_1_192' title='bbox 2230 2306 2442 2362; x_wconf 80' lang='lat' dir='ltr'><strong>etcum</strong></span> 
     </span>
     <span class='ocr_line' id='line_1_23' title="bbox 305 2392 2442 2463; baseline 0.002 -15"><span class='ocrx_word' id='word_1_193' title='bbox 305 2392 492 2449; x_wconf 83' lang='lat' dir='ltr'><strong>indice</strong></span> <span class='ocrx_word' id='word_1_194' title='bbox 551 2396 872 2463; x_wconf 87' lang='lat' dir='ltr'><strong>composita</strong></span> <span class='ocrx_word' id='word_1_195' title='bbox 928 2393 1096 2450; x_wconf 91' lang='lat' dir='ltr'><strong>nullis</strong></span> <span class='ocrx_word' id='word_1_196' title='bbox 1152 2394 1395 2451; x_wconf 89' lang='lat' dir='ltr'><strong>testibus</strong></span> <span class='ocrx_word' id='word_1_197' title='bbox 1452 2398 1698 2451; x_wconf 90' lang='lat' dir='ltr'><strong>innisum</strong></span> <span class='ocrx_word' id='word_1_198' title='bbox 1748 2393 1915 2451; x_wconf 77' lang='lat' dir='ltr'><strong>facile</strong></span> <span class='ocrx_word' id='word_1_199' title='bbox 1958 2395 2293 2452; x_wconf 77' lang='lat' dir='ltr'><strong>confutavit.</strong></span> <span class='ocrx_word' id='word_1_200' title='bbox 2334 2394 2442 2452; x_wconf 89' lang='lat' dir='ltr'><strong>sed</strong></span> 
     </span>
    </p>
   </div>
   <div class='ocr_carea' id='block_1_6' title="bbox 306 2612 2442 3030">
    <p class='ocr_par' dir='ltr' id='par_1_6' title="bbox 306 2612 2442 2851">
     <span class='ocr_line' id='line_1_24' title="bbox 365 2612 2441 2674; baseline 0.002 -15"><span class='ocrx_word' id='word_1_201' title='bbox 365 2613 435 2659; x_wconf 90' lang='lat' dir='ltr'><strong>LI.</strong></span> <span class='ocrx_word' id='word_1_202' title='bbox 471 2617 509 2659; x_wconf 92' lang='grc'><strong>1.</strong></span> <span class='ocrx_word' id='word_1_203' title='bbox 553 2612 891 2668; x_wconf 74' lang='lat' dir='ltr'><strong>cunctantibus,</strong></span> <span class='ocrx_word' id='word_1_204' title='bbox 940 2615 999 2660; x_wconf 86' lang='lat' dir='ltr'><strong>cf.</strong></span> <span class='ocrx_word' id='word_1_205' title='bbox 1050 2618 1088 2669; x_wconf 91' lang='grc'><strong>1,</strong></span> <span class='ocrx_word' id='word_1_206' title='bbox 1122 2618 1172 2660; x_wconf 90' lang='lat'><strong>5:</strong></span> <span class='ocrx_word' id='word_1_207' title='bbox 1234 2615 1353 2661; x_wconf 86' lang='lat' dir='ltr'><strong>haec</strong></span> <span class='ocrx_word' id='word_1_208' title='bbox 1415 2621 1559 2673; x_wconf 83' lang='lat' dir='ltr'><strong>atque</strong></span> <span class='ocrx_word' id='word_1_209' title='bbox 1606 2615 1718 2661; x_wconf 82' lang='lat' dir='ltr'><strong>talia</strong></span> <span class='ocrx_word' id='word_1_210' title='bbox 1763 2615 2062 2672; x_wconf 74' lang='lat' dir='ltr'><strong>agitantibus,</strong></span> <span class='ocrx_word' id='word_1_211' title='bbox 2108 2622 2243 2663; x_wconf 87' lang='lat' dir='ltr'><strong>vert:</strong></span> <span class='ocrx_word' id='word_1_212' title='bbox 2275 2617 2441 2674; x_wconf 81' lang='lat' dir='ltr'><strong>terwijl</strong></span> 
     </span>
     <span class='ocr_line' id='line_1_25' title="bbox 308 2672 2439 2732; baseline 0.002 -14"><span class='ocrx_word' id='word_1_213' title='bbox 308 2690 442 2719; x_wconf 91' lang='lat' dir='ltr'><strong>men.</strong></span> <span class='ocrx_word' id='word_1_214' title='bbox 490 2672 921 2730; x_wconf 79' lang='lat' dir='ltr'><strong>.prolatantibus..</strong></span> <span class='ocrx_word' id='word_1_215' title='bbox 941 2679 1137 2719; x_wconf 77' lang='lat' dir='ltr'><strong>‚metum</strong></span> <span class='ocrx_word' id='word_1_216' title='bbox 1167 2701 1227 2709; x_wconf 91' lang='lat'><strong>-—</strong></span> <span class='ocrx_word' id='word_1_217' title='bbox 1259 2675 1381 2721; x_wconf 89' lang='lat' dir='ltr'><strong>door</strong></span> <span class='ocrx_word' id='word_1_218' title='bbox 1412 2675 1508 2722; x_wconf 91' lang='lat' dir='ltr'><strong>hun</strong></span> <span class='ocrx_word' id='word_1_219' title='bbox 1526 2675 1701 2720; x_wconf 89' lang='lat' dir='ltr'><strong>talmen</strong></span> <span class='ocrx_word' id='word_1_220' title='bbox 1717 2676 2005 2732; x_wconf 85' lang='lat' dir='ltr'><strong>verlengden</strong></span> <span class='ocrx_word' id='word_1_221' title='bbox 2019 2680 2072 2732; x_wconf 87' lang='lat' dir='ltr'><strong>zii</strong></span> <span class='ocrx_word' id='word_1_222' title='bbox 2092 2675 2186 2722; x_wconf 88' lang='lat' dir='ltr'><strong>den</strong></span> <span class='ocrx_word' id='word_1_223' title='bbox 2201 2677 2439 2730; x_wconf 79' lang='lat' dir='ltr'><strong>toestand,</strong></span> 
     </span>
     <span class='ocr_line' id='line_1_26' title="bbox 306 2706 2442 2804; baseline 0.002 -27"><span class='ocrx_word' id='word_1_224' title='bbox 306 2706 500 2788; x_wconf 51' lang='grc' dir='ltr'>ωεειώυίὶ</span> <span class='ocrx_word' id='word_1_225' title='bbox 511 2737 563 2790; x_wconf 83' lang='lat' dir='ltr'><strong>zij</strong></span> <span class='ocrx_word' id='word_1_226' title='bbox 583 2733 768 2804; x_wconf 81' lang='lat' dir='ltr'><strong>tegelijk</strong></span> <span class='ocrx_word' id='word_1_227' title='bbox 786 2750 848 2791; x_wconf 90' lang='lat' dir='ltr'><strong>op</strong></span> <span class='ocrx_word' id='word_1_228' title='bbox 866 2750 1032 2779; x_wconf 88' lang='lat' dir='ltr'><strong>succes</strong></span> <span class='ocrx_word' id='word_1_229' title='bbox 1050 2734 1263 2791; x_wconf 86' lang='lat' dir='ltr'><strong>hoopten</strong></span> <span class='ocrx_word' id='word_1_230' title='bbox 1280 2751 1339 2780; x_wconf 89' lang='lat' dir='ltr'><strong>en</strong></span> <span class='ocrx_word' id='word_1_231' title='bbox 1356 2737 1403 2780; x_wconf 90' lang='lat' dir='ltr'><strong>in</strong></span> <span class='ocrx_word' id='word_1_232' title='bbox 1417 2741 1550 2791; x_wconf 84' lang='lat' dir='ltr'><strong>angst</strong></span> <span class='ocrx_word' id='word_1_233' title='bbox 1562 2751 1721 2780; x_wconf 85' lang='lat' dir='ltr'><strong>waren</strong></span> <span class='ocrx_word' id='word_1_234' title='bbox 1734 2751 1855 2780; x_wconf 86' lang='lat' dir='ltr'><strong>voor</strong></span> <span class='ocrx_word' id='word_1_235' title='bbox 1867 2735 2172 2793; x_wconf 83' lang='lat' dir='ltr'><strong>ontdekking,</strong></span> <span class='ocrx_word' id='word_1_236' title='bbox 2184 2735 2312 2793; x_wconf 87' lang='lat' dir='ltr'><strong>gebr.</strong></span> <span class='ocrx_word' id='word_1_237' title='bbox 2325 2752 2442 2782; x_wconf 80' lang='lat' dir='ltr'><strong>naar</strong></span> 
     </span>
     <span class='ocr_line' id='line_1_27' title="bbox 308 2792 2138 2851; baseline 0.002 -13"><span class='ocrx_word' id='word_1_238' title='bbox 308 2792 520 2849; x_wconf 87' lang='lat' dir='ltr'><strong>analogie</strong></span> <span class='ocrx_word' id='word_1_239' title='bbox 554 2792 638 2837; x_wconf 89' lang='lat' dir='ltr'><strong>der</strong></span> <span class='ocrx_word' id='word_1_240' title='bbox 668 2795 753 2848; x_wconf 81' lang='lat' dir='ltr'><strong>jur.</strong></span> <span class='ocrx_word' id='word_1_241' title='bbox 786 2799 933 2838; x_wconf 82' lang='lat' dir='ltr'><strong>term:</strong></span> <span class='ocrx_word' id='word_1_242' title='bbox 968 2793 1091 2839; x_wconf 91' lang='lat' dir='ltr'><strong>diem</strong></span> <span class='ocrx_word' id='word_1_243' title='bbox 1122 2794 1362 2851; x_wconf 86' lang='lat' dir='ltr'><strong>prolatare</strong></span> <span class='ocrx_word' id='word_1_244' title='bbox 1393 2821 1452 2828; x_wconf 90' lang='lat'><em>-</em></span> <span class='ocrx_word' id='word_1_245' title='bbox 1483 2811 1573 2839; x_wconf 90' lang='lat' dir='ltr'><strong>een</strong></span> <span class='ocrx_word' id='word_1_246' title='bbox 1603 2798 1784 2851; x_wconf 87' lang='lat' dir='ltr'><strong>termijn</strong></span> <span class='ocrx_word' id='word_1_247' title='bbox 1815 2795 2138 2841; x_wconf 85' lang='lat' dir='ltr'><strong>verschuiven.</strong></span> 
     </span>
    </p>

    <p class='ocr_par' dir='ltr' id='par_1_7' title="bbox 309 2852 2438 3030">
     <span class='ocr_line' id='line_1_28' title="bbox 395 2852 2438 2911; baseline 0.002 -15"><span class='ocrx_word' id='word_1_248' title='bbox 395 2854 437 2896; x_wconf 88' lang='grc'><strong>3.</strong></span> <span class='ocrx_word' id='word_1_249' title='bbox 455 2852 727 2906; x_wconf 82' lang='lat' dir='ltr'><strong>accendere,</strong></span> <span class='ocrx_word' id='word_1_250' title='bbox 744 2868 809 2897; x_wconf 90' lang='lat' dir='ltr'><strong>sc.</strong></span> <span class='ocrx_word' id='word_1_251' title='bbox 828 2852 888 2897; x_wconf 91' lang='lat' dir='ltr'><strong>ad</strong></span> <span class='ocrx_word' id='word_1_252' title='bbox 906 2852 1165 2907; x_wconf 87' lang='lat' dir='ltr'><strong>audaciam,</strong></span> <span class='ocrx_word' id='word_1_253' title='bbox 1181 2866 1389 2911; x_wconf 81' lang='lat' dir='ltr'><strong>arguere,</strong></span> <span class='ocrx_word' id='word_1_254' title='bbox 1408 2870 1472 2907; x_wconf 89' lang='lat' dir='ltr'><strong>sc,</strong></span> <span class='ocrx_word' id='word_1_255' title='bbox 1491 2856 1699 2910; x_wconf 87' lang='lat' dir='ltr'><strong>ignavos.</strong></span> <span class='ocrx_word' id='word_1_256' title='bbox 1727 2853 2093 2900; x_wconf 78' lang='lat' dir='ltr'><strong>cunctantibus.</strong></span> <span class='ocrx_word' id='word_1_257' title='bbox 2113 2856 2438 2909; x_wconf 77' lang='lat' dir='ltr'><strong>,coniuratos,</strong></span> 
     </span>
     <span class='ocr_line' id='line_1_29' title="bbox 309 2887 2366 2970; baseline 0.002 -15"><span class='ocrx_word' id='word_1_258' title='bbox 309 2911 367 2955; x_wconf 76' lang='lat' dir='ltr'><strong>ci</strong></span> <span class='ocrx_word' id='word_1_259' title='bbox 403 2911 708 2965; x_wconf 88' lang='lat' dir='ltr'><strong>14,10:sed</strong></span> <span class='ocrx_word' id='word_1_260' title='bbox 740 2928 767 2957; x_wconf 92' lang='lat' dir='ltr'><strong>a</strong></span> <span class='ocrx_word' id='word_1_261' title='bbox 800 2910 1004 2958; x_wconf 87' lang='lat' dir='ltr'><strong>Caesare</strong></span> <span class='ocrx_word' id='word_1_262' title='bbox 1035 2913 1252 2970; x_wconf 81' lang='lat' dir='ltr'><strong>perfecto</strong></span> <span class='ocrx_word' id='word_1_263' title='bbox 1285 2913 1493 2959; x_wconf 89' lang='lat' dir='ltr'><strong>scelere</strong></span> <span class='ocrx_word' id='word_1_264' title='bbox 1542 2913 1843 2969; x_wconf 79' lang='lat' dir='ltr'><strong>‚magnitudo</strong></span> <span class='ocrx_word' id='word_1_265' title='bbox 1875 2916 1976 2960; x_wconf 84' lang='lat' dir='ltr'><strong>eius</strong></span> <span class='ocrx_word' id='word_1_266' title='bbox 2006 2887 2247 2960; x_wconf 83' lang='lat' dir='ltr'><strong>intellecta</strong></span> <span class='ocrx_word' id='word_1_267' title='bbox 2277 2919 2366 2960; x_wconf 85' lang='lat' dir='ltr'><strong>est.</strong></span> 
     </span>
     <span class='ocr_line' id='line_1_30' title="bbox 396 2972 2435 3030; baseline 0.001 -15"><span class='ocrx_word' id='word_1_268' title='bbox 396 2974 437 3015; x_wconf 90' lang='lat'><strong>4.</strong></span> <span class='ocrx_word' id='word_1_269' title='bbox 468 2976 750 3026; x_wconf 81' lang='lat' dir='ltr'><strong>pertaesa..</strong></span> <span class='ocrx_word' id='word_1_270' title='bbox 800 2976 873 3016; x_wconf 83' lang='lat' dir='ltr'><strong>.et</strong></span> <span class='ocrx_word' id='word_1_271' title='bbox 918 2983 1079 3029; x_wconf 83' lang='lat' dir='ltr'><strong>agens,</strong></span> <span class='ocrx_word' id='word_1_272' title='bbox 1126 2975 1364 3029; x_wconf 83' lang='lat' dir='ltr'><strong>parataxis</strong></span> <span class='ocrx_word' id='word_1_273' title='bbox 1395 2975 1424 3017; x_wconf 90' lang='lat' dir='ltr'><strong>i.</strong></span> <span class='ocrx_word' id='word_1_274' title='bbox 1456 2989 1548 3029; x_wconf 75' lang='lat' dir='ltr'><strong>p-v.</strong></span> <span class='ocrx_word' id='word_1_275' title='bbox 1595 2972 1860 3030; x_wconf 82' lang='lat' dir='ltr'><strong>hypotaxis,</strong></span> <span class='ocrx_word' id='word_1_276' title='bbox 1907 2979 2038 3019; x_wconf 88' lang='lat' dir='ltr'><strong>vert.</strong></span> <span class='ocrx_word' id='word_1_277' title='bbox 2087 2990 2147 3019; x_wconf 89' lang='lat' dir='ltr'><strong>en</strong></span> <span class='ocrx_word' id='word_1_278' title='bbox 2193 2972 2353 3020; x_wconf 81' lang='lat' dir='ltr'><strong>omdat</strong></span> <span class='ocrx_word' id='word_1_279' title='bbox 2382 2976 2435 3030; x_wconf 81' lang='lat' dir='ltr'><strong>zij</strong></span> 
     </span>
    </p>
   </div>
   <div class='ocr_carea' id='block_1_7' title="bbox 308 3030 2429 3135">
    <p class='ocr_par' dir='ltr' id='par_1_8' title="bbox 308 3030 2429 3135">
     <span class='ocr_line' id='line_1_31' title="bbox 308 3030 2429 3135; baseline 0.001 -61"><span class='ocrx_word' id='word_1_280' title='bbox 308 3030 586 3134; x_wconf 51' lang='grc' dir='ltr'><strong>ἓῗιενέῌίέ..</strong></span> <span class='ocrx_word' id='word_1_281' title='bbox 543 3089 593 3135; x_wconf 63' lang='lat' dir='ltr'>ff</span> <span class='ocrx_word' id='word_1_282' title='bbox 606 3030 695 3075; x_wconf 83' lang='lat' dir='ltr'><strong>.ef.</strong></span> <span class='ocrx_word' id='word_1_283' title='bbox 729 3047 768 3075; x_wconf 94' lang='lat' dir='ltr'><strong>c.</strong></span> <span class='ocrx_word' id='word_1_284' title='bbox 802 3033 883 3075; x_wconf 92' lang='lat'><strong>59:</strong></span> <span class='ocrx_word' id='word_1_285' title='bbox 917 3034 1135 3077; x_wconf 90' lang='lat' dir='ltr'><strong>immotus</strong></span> <span class='ocrx_word' id='word_1_286' title='bbox 1168 3033 1237 3077; x_wconf 91' lang='lat' dir='ltr'><strong>his</strong></span> <span class='ocrx_word' id='word_1_287' title='bbox 1270 3038 1318 3078; x_wconf 86' lang='lat' dir='ltr'><strong>et</strong></span> <span class='ocrx_word' id='word_1_288' title='bbox 1349 3031 1588 3090; x_wconf 84' lang='lat' dir='ltr'><strong>paululum</strong></span> <span class='ocrx_word' id='word_1_289' title='bbox 1619 3035 1667 3078; x_wconf 90' lang='lat' dir='ltr'><strong>in</strong></span> <span class='ocrx_word' id='word_1_290' title='bbox 1683 3031 1874 3089; x_wconf 88' lang='lat' dir='ltr'><strong>publico</strong></span> <span class='ocrx_word' id='word_1_291' title='bbox 1891 3038 2120 3079; x_wconf 81' lang='lat' dir='ltr'><strong>versatus.</strong></span> <span class='ocrx_word' id='word_1_292' title='bbox 2136 3035 2368 3090; x_wconf 79' lang='lat' dir='ltr'><strong>primores</strong></span> <span class='ocrx_word' id='word_1_293' title='bbox 2390 3047 2429 3062; x_wconf 92' lang='lat'>=</span> 
     </span>
     <span class='ocr_line' id='line_1_32' title="bbox 451 3092 773 3135; baseline 0.003 -1"><span class='ocrx_word' id='word_1_294' title='bbox 451 3106 476 3134; x_wconf 91' lang='lat' dir='ltr'><strong>e</strong></span> <span class='ocrx_word' id='word_1_295' title='bbox 510 3106 539 3134; x_wconf 92' lang='lat' dir='ltr'><strong>o</strong></span> <span class='ocrx_word' id='word_1_296' title='bbox 583 3092 773 3135; x_wconf 73' lang='lat' dir='ltr'><strong>:cieren-</strong></span> 
     </span>
    </p>
   </div>
   <div class='ocr_carea' id='block_1_8' title="bbox 308 3147 2436 3675">
    <p class='ocr_par' dir='ltr' id='par_1_9' title="bbox 308 3147 2436 3324">
     <span class='ocr_line' id='line_1_33' title="bbox 395 3147 2436 3207; baseline 0.002 -15"><span class='ocrx_word' id='word_1_297' title='bbox 395 3151 437 3192; x_wconf 87' lang='lat'><strong>5.</strong></span> <span class='ocrx_word' id='word_1_298' title='bbox 467 3147 820 3202; x_wconf 82' lang='lat' dir='ltr'><strong>Misenensium,</strong></span> <span class='ocrx_word' id='word_1_299' title='bbox 855 3166 970 3195; x_wconf 88' lang='lat' dir='ltr'><strong>over</strong></span> <span class='ocrx_word' id='word_1_300' title='bbox 1002 3149 1062 3195; x_wconf 89' lang='lat' dir='ltr'><strong>de</strong></span> <span class='ocrx_word' id='word_1_301' title='bbox 1093 3150 1227 3195; x_wconf 88' lang='lat' dir='ltr'><strong>vloot</strong></span> <span class='ocrx_word' id='word_1_302' title='bbox 1257 3153 1306 3195; x_wconf 91' lang='lat' dir='ltr'><strong>in</strong></span> <span class='ocrx_word' id='word_1_303' title='bbox 1337 3149 1568 3195; x_wconf 88' lang='lat' dir='ltr'><strong>Misenum</strong></span> <span class='ocrx_word' id='word_1_304' title='bbox 1602 3151 1661 3196; x_wconf 74' lang='lat' dir='ltr'><strong>cf.</strong></span> <span class='ocrx_word' id='word_1_305' title='bbox 1693 3154 1735 3203; x_wconf 91' lang='grc'><strong>4,</strong></span> <span class='ocrx_word' id='word_1_306' title='bbox 1769 3153 1809 3195; x_wconf 93' lang='lat'><strong>5.</strong></span> <span class='ocrx_word' id='word_1_307' title='bbox 1842 3153 2128 3196; x_wconf 75' lang='lat' dir='ltr'><strong>conscientia</strong></span> <span class='ocrx_word' id='word_1_308' title='bbox 2159 3148 2357 3207; x_wconf 76' lang='lat' dir='ltr'><strong>illigare,</strong></span> <span class='ocrx_word' id='word_1_309' title='bbox 2375 3150 2436 3196; x_wconf 85' lang='lat' dir='ltr'><strong>cf.</strong></span> 
     </span>
     <span class='ocr_line' id='line_1_34' title="bbox 311 3209 2435 3266; baseline 0.002 -15"><span class='ocrx_word' id='word_1_310' title='bbox 311 3210 378 3258; x_wconf 88' lang='grc'><strong>12,</strong></span> <span class='ocrx_word' id='word_1_311' title='bbox 410 3210 496 3254; x_wconf 90' lang='lat'><strong>25:</strong></span> <span class='ocrx_word' id='word_1_312' title='bbox 529 3213 693 3265; x_wconf 79' lang='lat' dir='ltr'><strong>stupro</strong></span> <span class='ocrx_word' id='word_1_313' title='bbox 727 3211 827 3253; x_wconf 89' lang='lat' dir='ltr'><strong>eius</strong></span> <span class='ocrx_word' id='word_1_314' title='bbox 857 3209 1101 3265; x_wconf 68' lang='lat' dir='ltr'><strong>inligatus:</strong></span> <span class='ocrx_word' id='word_1_315' title='bbox 1138 3209 1454 3266; x_wconf 74' lang='lat' dir='ltr'><strong>daarentegen</strong></span> <span class='ocrx_word' id='word_1_316' title='bbox 1486 3210 1602 3254; x_wconf 89' lang='lat' dir='ltr'><strong>Hist.</strong></span> <span class='ocrx_word' id='word_1_317' title='bbox 1636 3214 1678 3262; x_wconf 84' lang='lat'><strong>4.</strong></span> <span class='ocrx_word' id='word_1_318' title='bbox 1710 3212 1790 3255; x_wconf 90' lang='lat'><strong>55:</strong></span> <span class='ocrx_word' id='word_1_319' title='bbox 1819 3213 2111 3255; x_wconf 81' lang='lat' dir='ltr'><strong>conscientia</strong></span> <span class='ocrx_word' id='word_1_320' title='bbox 2129 3209 2435 3266; x_wconf 85' lang='lat' dir='ltr'><strong>obstringere.</strong></span> 
     </span>
     <span class='ocr_line' id='line_1_35' title="bbox 308 3267 2335 3324; baseline 0.002 -14"><span class='ocrx_word' id='word_1_321' title='bbox 308 3269 471 3311; x_wconf 82' lang='lat' dir='ltr'><strong>conisa</strong></span> <span class='ocrx_word' id='word_1_322' title='bbox 505 3273 587 3320; x_wconf 78' lang='lat' dir='ltr'><strong>est,</strong></span> <span class='ocrx_word' id='word_1_323' title='bbox 620 3284 659 3311; x_wconf 90' lang='lat' dir='ltr'><strong>c.</strong></span> <span class='ocrx_word' id='word_1_324' title='bbox 692 3267 773 3312; x_wconf 80' lang='lat' dir='ltr'><strong>inf.</strong></span> <span class='ocrx_word' id='word_1_325' title='bbox 807 3274 1054 3324; x_wconf 84' lang='lat' dir='ltr'><strong>geconstr.,</strong></span> <span class='ocrx_word' id='word_1_326' title='bbox 1089 3269 1278 3314; x_wconf 86' lang='lat' dir='ltr'><strong>evenals</strong></span> <span class='ocrx_word' id='word_1_327' title='bbox 1311 3268 1407 3314; x_wconf 90' lang='lat' dir='ltr'><strong>Liv.</strong></span> <span class='ocrx_word' id='word_1_328' title='bbox 1439 3272 1481 3322; x_wconf 91' lang='lat'><strong>9,</strong></span> <span class='ocrx_word' id='word_1_329' title='bbox 1514 3272 1585 3322; x_wconf 83' lang='lat'><strong>31.</strong></span> <span class='ocrx_word' id='word_1_330' title='bbox 1623 3273 1708 3315; x_wconf 89' lang='lat'><strong>12:</strong></span> <span class='ocrx_word' id='word_1_331' title='bbox 1744 3271 2067 3315; x_wconf 77' lang='lat' dir='ltr'><strong>coniterentur</strong></span> <span class='ocrx_word' id='word_1_332' title='bbox 2096 3268 2335 3315; x_wconf 80' lang='lat' dir='ltr'><strong>invadere.</strong></span> 
     </span>
    </p>

    <p class='ocr_par' dir='ltr' id='par_1_10' title="bbox 394 3326 1141 3383">
     <span class='ocr_line' id='line_1_36' title="bbox 394 3326 1141 3383; baseline 0.003 -13"><span class='ocrx_word' id='word_1_333' title='bbox 394 3327 437 3370; x_wconf 90' lang='grc'>9</span> <span class='ocrx_word' id='word_1_334' title='bbox 469 3342 647 3380; x_wconf 83' lang='lat' dir='ltr'><strong>recens,</strong></span> <span class='ocrx_word' id='word_1_335' title='bbox 679 3326 757 3371; x_wconf 91' lang='lat' dir='ltr'><strong>h..l</strong></span> <span class='ocrx_word' id='word_1_336' title='bbox 790 3327 897 3372; x_wconf 86' lang='lat' dir='ltr'><strong>adv.</strong></span> <span class='ocrx_word' id='word_1_337' title='bbox 931 3327 987 3383; x_wconf 88' lang='lat' dir='ltr'><strong>bij</strong></span> <span class='ocrx_word' id='word_1_338' title='bbox 1023 3333 1141 3372; x_wconf 87' lang='lat' dir='ltr'><strong>orta.</strong></span> 
     </span>
    </p>

    <p class='ocr_par' dir='ltr' id='par_1_11' title="bbox 371 3385 2431 3442">
     <span class='ocr_line' id='line_1_37' title="bbox 371 3385 2431 3442; baseline 0.002 -14"><span class='ocrx_word' id='word_1_339' title='bbox 371 3388 437 3429; x_wconf 90' lang='lat'><strong>11.</strong></span> <span class='ocrx_word' id='word_1_340' title='bbox 468 3401 612 3441; x_wconf 86' lang='lat' dir='ltr'><strong>posse</strong></span> <span class='ocrx_word' id='word_1_341' title='bbox 643 3385 830 3442; x_wconf 83' lang='lat' dir='ltr'><strong>impelli,</strong></span> <span class='ocrx_word' id='word_1_342' title='bbox 864 3403 928 3431; x_wconf 89' lang='lat' dir='ltr'><strong>sc.</strong></span> <span class='ocrx_word' id='word_1_343' title='bbox 962 3386 1022 3431; x_wconf 87' lang='lat' dir='ltr'><strong>ad</strong></span> <span class='ocrx_word' id='word_1_344' title='bbox 1055 3387 1374 3432; x_wconf 83' lang='lat' dir='ltr'><strong>defectionem</strong></span> <span class='ocrx_word' id='word_1_345' title='bbox 1407 3385 1466 3432; x_wconf 85' lang='lat' dir='ltr'><strong>ab</strong></span> <span class='ocrx_word' id='word_1_346' title='bbox 1498 3387 1687 3432; x_wconf 88' lang='lat' dir='ltr'><strong>Nerone</strong></span> <span class='ocrx_word' id='word_1_347' title='bbox 1705 3393 1752 3432; x_wconf 90' lang='lat' dir='ltr'><strong>et</strong></span> <span class='ocrx_word' id='word_1_348' title='bbox 1769 3389 2122 3433; x_wconf 88' lang='lat' dir='ltr'><strong>coniuratorum</strong></span> <span class='ocrx_word' id='word_1_349' title='bbox 2138 3388 2431 3434; x_wconf 81' lang='lat' dir='ltr'><strong>societatem.</strong></span> 
     </span>
    </p>

    <p class='ocr_par' dir='ltr' id='par_1_12' title="bbox 370 3443 2333 3502">
     <span class='ocr_line' id='line_1_38' title="bbox 370 3443 2333 3502; baseline 0.002 -14"><span class='ocrx_word' id='word_1_350' title='bbox 370 3448 437 3488; x_wconf 82' lang='lat'><strong>14.</strong></span> <span class='ocrx_word' id='word_1_351' title='bbox 469 3443 620 3500; x_wconf 82' lang='lat' dir='ltr'><strong>plura,</strong></span> <span class='ocrx_word' id='word_1_352' title='bbox 656 3445 819 3501; x_wconf 79' lang='lat' dir='ltr'><strong>hierbij</strong></span> <span class='ocrx_word' id='word_1_353' title='bbox 854 3462 943 3491; x_wconf 91' lang='lat' dir='ltr'><strong>een</strong></span> <span class='ocrx_word' id='word_1_354' title='bbox 975 3446 1169 3491; x_wconf 90' lang='lat' dir='ltr'><strong>verbum</strong></span> <span class='ocrx_word' id='word_1_355' title='bbox 1204 3446 1391 3491; x_wconf 88' lang='lat' dir='ltr'><strong>dicendi</strong></span> <span class='ocrx_word' id='word_1_356' title='bbox 1423 3451 1468 3490; x_wconf 73' lang='lat' dir='ltr'><strong>te</strong></span> <span class='ocrx_word' id='word_1_357' title='bbox 1498 3455 1696 3502; x_wconf 84' lang='lat' dir='ltr'><strong>voegen,</strong></span> <span class='ocrx_word' id='word_1_358' title='bbox 1731 3452 1777 3491; x_wconf 85' lang='lat' dir='ltr'><strong>te</strong></span> <span class='ocrx_word' id='word_1_359' title='bbox 1809 3462 1977 3492; x_wconf 91' lang='lat' dir='ltr'><strong>nemen</strong></span> <span class='ocrx_word' id='word_1_360' title='bbox 2007 3448 2105 3491; x_wconf 84' lang='lat' dir='ltr'><strong>uit:</strong></span> <span class='ocrx_word' id='word_1_361' title='bbox 2139 3445 2333 3493; x_wconf 80' lang='lat' dir='ltr'><strong>orditur.</strong></span> 
     </span>
    </p>

    <p class='ocr_par' dir='ltr' id='par_1_13' title="bbox 370 3504 2092 3563">
     <span class='ocr_line' id='line_1_39' title="bbox 370 3504 2092 3563; baseline 0.002 -16"><span class='ocrx_word' id='word_1_362' title='bbox 370 3506 437 3547; x_wconf 89' lang='grc'><strong>17.</strong></span> <span class='ocrx_word' id='word_1_363' title='bbox 471 3508 805 3560; x_wconf 81' lang='lat' dir='ltr'><strong>accingeretur,</strong></span> <span class='ocrx_word' id='word_1_364' title='bbox 838 3521 877 3549; x_wconf 91' lang='lat' dir='ltr'><strong>c.</strong></span> <span class='ocrx_word' id='word_1_365' title='bbox 910 3504 991 3549; x_wconf 80' lang='lat' dir='ltr'><strong>inf.</strong></span> <span class='ocrx_word' id='word_1_366' title='bbox 1024 3511 1273 3560; x_wconf 72' lang='lat' dir='ltr'><strong>geconstr..</strong></span> <span class='ocrx_word' id='word_1_367' title='bbox 1307 3522 1543 3551; x_wconf 86' lang='lat' dir='ltr'><strong>eveneens</strong></span> <span class='ocrx_word' id='word_1_368' title='bbox 1573 3505 1709 3562; x_wconf 84' lang='lat' dir='ltr'><strong>Verg.</strong></span> <span class='ocrx_word' id='word_1_369' title='bbox 1742 3504 1916 3563; x_wconf 85' lang='lat' dir='ltr'><strong>Georg.</strong></span> <span class='ocrx_word' id='word_1_370' title='bbox 1947 3507 1989 3558; x_wconf 84' lang='lat'><strong>3,</strong></span> <span class='ocrx_word' id='word_1_371' title='bbox 2021 3507 2092 3551; x_wconf 88' lang='lat'><strong>46.</strong></span> 
     </span>
    </p>

    <p class='ocr_par' dir='ltr' id='par_1_14' title="bbox 366 3565 1487 3675">
     <span class='ocr_line' id='line_1_40' title="bbox 367 3565 1213 3619; baseline 0.002 -13"><span class='ocrx_word' id='word_1_372' title='bbox 367 3566 438 3608; x_wconf 85' lang='lat'><strong>21.</strong></span> <span class='ocrx_word' id='word_1_373' title='bbox 470 3567 742 3618; x_wconf 76' lang='lat' dir='ltr'><strong>composita,</strong></span> <span class='ocrx_word' id='word_1_374' title='bbox 776 3565 1213 3619; x_wconf 84' lang='lat' dir='ltr'><strong>geconfrontreerd.</strong></span> 
     </span>
     <span class='ocr_line' id='line_1_41' title="bbox 366 3622 1487 3675; baseline 0.003 -9"><span class='ocrx_word' id='word_1_375' title='bbox 366 3624 436 3666; x_wconf 71' lang='lat'><strong>21.</strong></span> <span class='ocrx_word' id='word_1_376' title='bbox 469 3622 740 3675; x_wconf 71' lang='lat' dir='ltr'><strong>confutavit,</strong></span> <span class='ocrx_word' id='word_1_377' title='bbox 773 3623 850 3667; x_wconf 90' lang='lat' dir='ltr'><strong>h.l.</strong></span> <span class='ocrx_word' id='word_1_378' title='bbox 891 3639 929 3653; x_wconf 82' lang='lat'><strong>==</strong></span> <span class='ocrx_word' id='word_1_379' title='bbox 969 3623 1062 3668; x_wconf 88' lang='lat' dir='ltr'><strong>den</strong></span> <span class='ocrx_word' id='word_1_380' title='bbox 1094 3626 1237 3669; x_wconf 89' lang='lat' dir='ltr'><strong>mond</strong></span> <span class='ocrx_word' id='word_1_381' title='bbox 1269 3639 1487 3669; x_wconf 87' lang='lat' dir='ltr'><strong>snoeren.</strong></span> 
     </span>
    </p>
   </div>
  </div>
 </body>
</html>
