2574 3912
574 151 678 208 AB
716 148 1055 208 EXCESSU
1092 149 1243 206 DIVI
1279 149 1611 207 AUGUSTI
1645 150 1762 226 XV.
1838 233 1847 240 ἱ
2213 155 2280 207 13

732 312 834 369 IX.
911 310 1243 368 Corbulo's
1281 311 1735 383 maatregelen.

147 422 323 518 sIX.
399 461 628 518 Interim
688 458 944 516 Corbulo
1002 479 1313 529 numquam
1367 458 1686 528 neglectam
1741 459 2044 530 Euphratis
2094 462 2277 530 ripam

169 555 554 615 crebrioribus
585 555 883 627 praesidiis
913 554 1147 619 insedit;
1187 562 1245 611 et
1274 575 1347 610 ne
1386 558 1551 625 ponti
1584 555 1868 611 iniciendo
1907 554 2281 625 impedimen-

167 660 289 710 tum
326 652 560 709 hostiles
598 658 820 708 turmae
861 651 1134 706 afferrent
1174 651 1305 718 (iam
1345 654 1494 706 enim
1525 651 1794 706 subiectis
1829 654 2042 720 campis
2074 664 2279 722 magna

169 753 362 821 specie
401 746 756 815 volitabant),
814 767 994 802 naves
1051 745 1438 817 magnitudine
1492 753 1856 818 praestantes
1915 754 1974 802 et
2029 768 2279 803 conexas

169 844 427 902 trabibus
481 864 550 900 ac
602 843 852 899 turribus
907 849 1104 898 auctas
1159 846 1273 913 agit
1324 863 1429 912 per
1484 863 1710 898 amnem
1764 842 2179 913 catapultisque
2223 850 2281 899 et
2308 854 2330 887 ⁵

168 941 410 998 ballistis
466 938 770 1010 proturbat
825 938 1120 1004 barbarOS,
1182 942 1240 994 in
1297 959 1443 1008 quos
1501 959 1642 994 saxa
1681 945 1738 994 et
1792 938 1994 994 hastae
2059 938 2281 1009 longius

167 1034 562 1107 permeabant,
605 1054 776 1104 quam
814 1040 878 1089 ut
916 1036 1203 1090 contrario
1243 1037 1574 1103 sagittarum
1611 1037 1765 1089 iactu
1804 1033 2284 1103 adaequarentur.

171 1131 305 1188 dein
333 1152 480 1202 pons
513 1133 894 1195 continuatus,
929 1129 1218 1200 collesque
1246 1130 1474 1186 adversi
1503 1151 1607 1200 per
1640 1133 1827 1186 socias
1849 1130 2131 1194 cohortes,
2153 1137 2286 1199 post

168 1226 452 1299 legionum
509 1229 710 1282 castris
768 1231 1138 1296 occupantur,
1194 1232 1356 1281 tanta
1410 1225 1705 1281 celeritate
1771 1231 1830 1280 et
1899 1229 2286 1281 ostentatione

171 1325 389 1387 virium,
428 1327 493 1377 ut
528 1319 719 1376 Parthi
758 1324 968 1377 omisso
1007 1327 1213 1391 paratu
1250 1320 1614 1376 invadendae
1649 1319 1851 1390 Syriae
1876 1341 2038 1389 spem
2059 1341 2287 1376 omnem
2315 1325 2356 1358 ¹0

170 1417 582 1474 inArmeniam
603 1423 912 1481 verterent,
937 1416 1035 1472 ubi
1053 1416 1263 1472 Paetus
1298 1419 1708 1472 imminentium
1744 1420 1990 1482 nesciuS,
2033 1419 2287 1487 quintam

170 1512 456 1584 legionem
509 1512 708 1582 procul
762 1516 821 1567 in
858 1512 1042 1568 Ponto
1081 1512 1350 1577 habebat,
1390 1512 1641 1582 reliquas
1674 1515 2009 1582 promiscuis
2049 1512 2286 1567 militum

175 1608 588 1665 commeatibus
644 1607 1049 1674 infirmaverat,
1091 1607 1276 1664 donec
1316 1607 1632 1664 adventare
1671 1608 2036 1679 Vologaesen
2074 1619 2281 1678 magno

176 1711 235 1761 et
272 1704 498 1760 infenso
536 1707 756 1774 agmine
798 1704 1069 1760 auditum.

209 1851 282 1908 X.
322 1851 557 1908 Paetus
594 1849 798 1908 wordt
834 1850 991 1907 door
1030 1849 1110 1907 de
1150 1850 1425 1908 Parthen
1462 1853 1530 1907 in
1566 1851 1677 1908 het
1710 1870 1899 1908 nauw
1937 1850 2260 1923 gebracht.

194 1931 273 1980 fs

247 1983 313 2040 X.
387 1983 622 2040 Accitur
674 1984 823 2054 legio
872 1983 1229 2050 duodecima,
1270 1991 1328 2040 et
1366 1984 1520 2040 unde
1562 1984 1771 2040 famam
1811 1988 1961 2040 aucti
2000 1988 2285 2040 exercitus
2317 2004 2358 2038 15

174 2086 528 2150 speraverat,
566 2079 796 2149 prodita
832 2079 1235 2149 infrequentia.
1278 2101 1392 2150 qua
1444 2087 1640 2136 tamen
1692 2084 1926 2136 retineri
1983 2087 2172 2136 eastra
2234 2087 2294 2136 et

176 2175 332 2232 'eludi
386 2174 626 2231 Parthus
683 2181 870 2230 tractu
925 2173 1057 2230 belli
1108 2182 1352 2246 poterat,
1395 2179 1442 2232 si
1479 2176 1656 2231 Paeto
1701 2182 1799 2232 aut
1838 2180 1896 2231 in
1935 2179 2050 2232 suis
2091 2183 2188 2231 aut
2226 2179 2285 2231 in

176 2270 374 2327 alienis
414 2270 661 2327 consiliis
701 2274 1024 2327 constantia
1062 2271 1293 2327 fuisset:
1334 2292 1534 2327 verum
1572 2271 1671 2327 ubi
1711 2293 1743 2327 a
1781 2275 1915 2327 viris
1954 2271 2286 2328 militaribus

178 2366 456 2424 adversus
477 2373 747 2437 urgentes
771 2387 936 2422 casus
960 2366 1216 2423 firmatus
1241 2374 1380 2433 erat,
1402 2388 1614 2433 rursuS,
1637 2389 1710 2423 ne
1730 2367 1951 2424 alienae
1968 2371 2290 2424 sententiae

236 2533 311 2580 IX.
372 2537 414 2579 3.
445 2545 616 2590 magna
646 2538 804 2590 specie
841 2551 881 2564 =
917 2538 984 2580 ita
1012 2541 1064 2580 ut
1094 2545 1261 2592 magna
1291 2552 1395 2582 esse
1427 2553 1591 2582 eorum
1621 2536 1872 2582 multitudo
1904 2536 2161 2582 videretur.

267 2596 310 2638 5.
372 2598 552 2644 auctas,
593 2594 843 2639 versterkt.
886 2599 995 2651 agit,
1039 2604 1176 2651 agere
1217 2596 1373 2641 wordt
1404 2596 1570 2652 eigenl.
1603 2596 1730 2652 gebr.
1763 2597 1830 2641 als
1861 2595 2120 2652 krijgsterm
2144 2611 2183 2625 =
2211 2595 2295 2641 het

178 2652 548 2698 voortschuiven
578 2670 670 2698 van
701 2653 1302 2710 belegeringswerktuigen.

270 2713 312 2755 5.
373 2710 636 2767 catapultis.
682 2716 750 2757 uit
800 2712 859 2757 de
893 2713 1162 2769 catapultae
1193 2713 1387 2759 werden
1419 2719 1586 2770 groote
1618 2714 1756 2770 pijlen
1787 2731 1845 2759 en
1878 2714 2042 2760 lansen
2072 2716 2121 2758 in
2165 2713 2294 2758 hori-

179 2769 369 2885 {ontgai}
395 2771 595 2827 richting
624 2771 912 2828 geslingerd;
946 2776 1014 2817 uit
1046 2773 1105 2817 de
1137 2771 1353 2818 ballistae
1382 2773 1574 2820 werden
1605 2779 1802 2818 steenen
1834 2790 1892 2818 en
1925 2773 2099 2819 balken
2127 2775 2175 2818 in
2207 2789 2297 2818 een

218 2845 280 2875 oo
370 2844 611 2886 eworpen.

270 2890 312 2933 8.
375 2887 566 2932 adversi
593 2913 651 2918 —
681 2904 772 2934 aan
802 2888 863 2934 de
894 2889 1069 2934 andere
1099 2890 1217 2946 zijde
1250 2891 1458 2947 gelegen-

269 2950 312 2992 9.
375 2951 676 2992 ostentatione
707 2972 765 2978 —
797 2949 1106 3005 ontplooiing.

245 3008 314 3050 10.
376 3011 562 3062 paratu,
594 3006 638 3050 h.
656 3006 685 3050 l.
717 3009 746 3051 i.
763 3023 808 3064 p.
827 3025 898 3052 v.:
933 3013 1177 3065 apparatu.

176 3121 199 3168 t
245 3067 314 3110 13.
344 3063 707 3168 kcommeatibus
745 3081 784 3095 =
822 3066 904 3111 het
933 3076 1084 3123 geven
1113 3084 1204 3112 van
1236 3066 1402 3114 verlof.
1433 3071 1725 3124 promiscuis,
1757 3067 1934 3112 zonder
1981 3065 2296 3112 onderscheid

203 3139 230 3169 e
267 3140 343 3169 ma
378 3138 478 3168 en.·

243 3181 296 3226 X.
361 3186 428 3228 15.
476 3185 666 3235 accitur.
711 3182 788 3227 n.l.
833 3199 948 3228 naar
994 3183 1054 3229 de
1095 3183 1388 3241 legerplaats,
1420 3202 1548 3230 waar
1579 3185 1751 3231 Paetus
1782 3190 1879 3230 met
1910 3184 1991 3230 het
2022 3187 2079 3229 4e
2109 3182 2296 3240 legioen

187 3241 550 3287 overwinterde.

247 3303 315 3345 16.
375 3300 563 3357 prodita
594 3299 915 3356 infrequentia,
947 3317 1011 3346 sc.
1044 3307 1158 3355 est.;
1191 3302 1362 3348 Paetus
1394 3302 1487 3348 had
1517 3302 1595 3347 n.l.
1628 3303 1839 3360 gehoopt
1880 3303 1939 3348 de
1985 3301 2201 3358 vijanden
2250 3306 2298 3345 te

183 3357 376 3404 kunnen
405 3359 724 3416 imponeeren,
755 3362 803 3403 in
832 3359 983 3416 plaats
1014 3361 1207 3406 hiervan
1253 3361 1393 3416 bleek
1439 3362 1615 3415 echter,
1662 3379 1727 3407 nu
1773 3367 1862 3407 een
1902 3362 2299 3407 winterkwartier

185 3433 278 3462 van
324 3422 412 3463 een
442 3419 627 3474 legioen
657 3421 825 3463 ruimte
857 3419 1078 3464 aanbood
1107 3436 1228 3464 voor
1257 3426 1381 3465 twee
1411 3421 1675 3478 legioenen,
1706 3422 1911 3466 hoezeer
1942 3420 2001 3466 de
2034 3420 2300 3478 gelederen,

186 3475 309 3522 door
350 3477 431 3521 het
462 3486 610 3533 geven
641 3493 732 3521 van
762 3477 927 3530 verlof,
960 3479 1146 3533 gedund
1182 3495 1356 3524 waren.

251 3535 319 3579 17.
382 3534 518 3589 eludi,
552 3535 785 3591 behendig
817 3538 1085 3593 ontwijken.
1117 3543 1266 3582 tractu
1298 3538 1408 3583 belli
1445 3553 1483 3567 =
1533 3538 1658 3583 bello
1693 3538 1942 3584 trahendo.

181 3599 184 3603 '
250 3595 318 3638 19.
381 3594 596 3639 firmatus
633 3610 672 3624 =
711 3595 1028 3641 confirmatus.
