2574 3912
570 216 675 275 AB
713 214 1048 275 EXCESSU
1090 214 1242 272 DIVI
1280 212 1610 272 AUGUSTI
1647 212 1763 271 XV.
2155 217 2227 270 59

110 387 411 439 crematur.
450 383 533 437 ita
570 378 842 436 codicillis
880 380 1346 449 praescripserat,
1386 395 1515 432 cum
1553 378 1727 432 etiam
1763 381 1884 431 tum
1921 373 2228 446 praedives

112 482 173 534 et
207 481 568 553 praepotens*
598 476 876 545 supremis
916 476 1033 529 suis
1074 471 1417 529 consuleret.

498 590 679 654 LXV.
752 590 880 649 Het
913 588 1067 662 plan
1102 607 1230 646 van
1266 586 1535 645 Subrius
1571 586 1618 644 F
1620 585 1823 643 lavuS.

181 718 344 777 LXV.
420 717 595 775 Fama
641 716 747 774 fuit
785 714 1053 773 Subrium
1088 713 1326 795 Flavugn
1365 733 1495 770 cum
1532 710 1961 769 centurionibus
2002 708 2229 767 occulto

114 815 372 880 consilio,
428 833 618 884 neque
675 818 870 869 tamen
925 813 1226 881 ignorante
1282 808 1523 874 Seneca,
1564 807 1960 872 destinavisse,
1999 812 2064 863 ut
2099 811 2233 877 post

115 913 370 968 occisum
407 928 587 980 opera
623 906 844 964 Pisonis
881 905 1170 962 Neronem
1205 904 1335 962 Piso
1377 923 1611 974 quoque
1645 903 2082 968 interficeretur,
2115 907 2231 958 tra-
2256 930 2278 963 5

117 1007 468 1076 dereturque
503 1007 803 1074 imperium
841 1001 1120 1065 Senecae,
1162 1004 1328 1071 quasi
1357 999 1679 1056 insontibus
1701 997 2038 1055 claritudine
2057 1000 2233 1054 virtu-

116 1111 239 1160 tum
294 1100 370 1159 ad
425 1119 705 1157 summum
742 1099 1027 1170 fastigium
1066 1096 1313 1153 delecto.
1354 1099 1491 1166 quin
1531 1101 1589 1151 et
1625 1093 1805 1151 verba
1841 1092 1999 1149 Flavi
2035 1092 2233 1163 vulga-

117 1198 342 1262 bantur,
400 1215 519 1253 non
573 1194 791 1251 referre
850 1192 1145 1271 dgdsscorj..
1200 1194 1248 1248 si
1303 1190 1669 1248 citharoedus
1720 1189 2125 1245 demoveretur
2176 1194 2236 1244 et
2384 1176 2433 1236 ,ᾗ
2459 1197 2478 1220 x·

117 1291 426 1364 tragoedus
464 1289 822 1355 succederet,
863 1291 997 1359 quia
1031 1294 1094 1345 ut
1112 1286 1267 1344 Nero
1289 1287 1521 1352 cithara,
1545 1288 1625 1342 ita
1642 1285 1773 1342 Piso
1793 1286 2008 1354 tragico
2029 1290 2393 1410 omahijs

120 1386 382 1446 canebat.
2263 1371 2305 1418 ³⁰

611 1531 817 1590 LXVI.
891 1530 1095 1588 Ruius
1133 1528 1338 1587 wordt
1373 1526 1710 1585 verraden.

193 1659 378 1718 LXVI.
454 1657 729 1717 Ceterum
765 1656 1019 1714 militaris
1056 1675 1286 1727 quoque
1328 1657 1676 1725 conspiratio
1714 1674 1834 1710 non
1853 1652 1999 1709 ultra
2018 1651 2237 1716 fefellit,

124 1758 380 1814 accensis
417 1754 701 1813 indicibus
741 1753 818 1811 ad
852 1751 1221 1824 prodendum
1256 1739 1533 1807 Faenium
1551 1749 1776 1815 Rufum,
1799 1769 1969 1820 quem
1990 1746 2241 1805 eundem

124 1853 416 1909 conscium
455 1856 514 1907 et
549 1852 946 1920 inquisitorem
983 1868 1102 1905 non
1139 1846 1483 1904 tolerabant.
1526 1857 1664 1916 ergo
1703 1847 1936 1902 instanti
1976 1846 2241 1900 minitan-

123 1951 283 2019 tique
334 1945 604 2003 renidens
643 1943 960 2002 Scaevinus
999 1946 1286 1999 neminem
1322 1945 1401 1997 ait
1437 1941 1604 2012 plura
1644 1943 1789 1996 scire
1829 1961 2000 2011 quam
2038 1942 2239 2010 ipsum,

124 2042 498 2112 hortaturque
554 2041 721 2106 ultr0,
778 2038 1052 2118 redderet
1103 2045 1222 2095 tam
1258 2038 1416 2094 bono
1453 2039 1694 2108 principi
1731 2039 1931 2092 vicem.
1969 2055 2088 2091 non
2125 2055 2243 2091 vox
2267 2047 2310 2079 ¹5

126 2137 434 2195 adversum
473 2156 544 2194 ea
580 2135 813 2201 Faenio,
851 2155 970 2191 non
1007 2135 1309 2193 silentium,
1351 2132 1457 2189 sed
1495 2131 1675 2188 verba
1713 2151 1818 2187 sua
1858 2129 2241 2202 praepediens

127 2241 186 2291 et
237 2235 471 2304 pavoris
509 2232 866 2297 manifestus;
906 2233 1230 2301 ceterisque
1270 2250 1337 2285 ac
1376 2231 1621 2285 maxime
1662 2226 1941 2285 Cervario
1981 2225 2240 2289 Procu10,

127 2332 321 2400 equite
357 2328 635 2393 Roman0,
678 2326 753 2383 ad
789 2324 1246 2383 convincendum
1285 2345 1417 2380 eum
1450 2326 1675 2388 conisis,
1696 2326 1854 2379 iussu
1883 2323 2243 2393 imperatoris

128 2445 163 2482 a
201 2423 406 2481 Cassio
445 2423 637 2489 milite,
678 2426 776 2493 qui
815 2422 890 2478 ob
927 2424 1144 2490 insigne
1165 2422 1420 2490 corporis
1440 2419 1616 2475 robur
1637 2417 1920 2483 adstabat,
1944 2419 2244 2487 corripitur

127 2523 504 2589 vinciturque.
2266 2531 2312 2564 20

222 2719 259 2761 1.
292 2714 534 2769 codicillis,
567 2717 627 2761 cf.
660 2732 700 2761 c.
731 2718 804 2760 62.

189 2775 323 2821 LXV.
353 2777 396 2820 3.
428 2773 645 2820 Subrium
674 2773 886 2826 Flavum,
918 2773 979 2818 cf.
1012 2788 1053 2816 c.
1084 2774 1260 2824 49‚·50.
1294 2773 1365 2816 58.

217 2837 260 2880 6.
292 2833 554 2879 insontibus
590 2856 629 2869 =
668 2833 728 2878 ab
758 2832 1050 2885 insontibus;
1084 2836 1180 2876 met
1210 2833 1421 2876 insontes
1452 2829 1651 2875 worden
1679 2829 1782 2875 hier
1811 2831 1908 2874 niet
1939 2826 2147 2872 bedoeld
2177 2830 2246 2882 zij.

131 2893 207 2939 die
224 2892 500 2948 onschuldig
514 2908 674 2938 waren
690 2908 781 2937 aan
798 2891 857 2936 de
873 2892 1253 2946 samenzwering,
1271 2906 1400 2938 maar
1416 2889 1492 2934 die
1504 2892 1553 2934 in
1564 2890 1646 2934 het
1659 2889 1900 2945 algemeen
1913 2884 2248 2943 onbesproken

131 2968 223 2999 van
254 2951 604 2998 levenswandel
633 2967 807 2996 waren.

219 3012 262 3056 6.
294 3009 586 3063 claritudine,
619 3015 751 3055 vert:
784 3007 1063 3065 tengevolge
1093 3024 1184 3052 van
1206 3039 1216 3051 .
1235 3040 1245 3051 .
1265 3040 1274 3051 .

220 3072 263 3115 8.
295 3085 388 3114 non
418 3069 597 3114 referre
628 3068 860 3114 dedecori.
890 3073 1023 3113 vert:
1057 3066 1116 3111 de
1149 3064 1357 3111 schande
1389 3065 1518 3110 bleef
1549 3064 1791 3116 dezelfde;
1826 3063 1885 3109 cf.
1916 3062 2030 3108 Hor.
2062 3061 2159 3107 Sat.
2209 3064 2246 3113 1,

135 3131 174 3183 1,
221 3130 307 3173 49.
327 3161 338 3173 .
358 3161 369 3173 .
394 3129 471 3173 vel
513 3127 603 3180 dic,
650 3127 763 3183 quid
805 3126 995 3178 referat,
1027 3129 1150 3170 intra
1179 3125 1385 3171 Naturae
1415 3125 1523 3170 finis
1554 3127 1746 3176 viventi.
1778 3126 1937 3179 iugera
1968 3126 2156 3167 centum
2189 3137 2248 3166 an

134 3188 264 3234 Mille
295 3192 397 3233 aret
413 3188 437 3232 ?
456 3220 466 3231 .
486 3219 495 3231 .
515 3219 525 3231 .

222 3250 265 3292 9.
295 3246 408 3291 Piso
428 3280 438 3292 .
458 3279 468 3291 .
488 3278 498 3289 .
515 3243 729 3297 canebat.
762 3244 822 3289 cf.
853 3259 894 3288 e.
926 3245 998 3288 48.
1868 3279 1874 3288 ,

195 3305 347 3351 LXVI.
381 3307 450 3350 11.
483 3302 659 3357 fefellit.
690 3309 822 3348 vert:
855 3302 982 3347 bleef
1012 3300 1207 3358 gebeim,
1241 3300 1460 3346 absoluat
1491 3299 1635 3356 geht..
1666 3299 1859 3344 evenals
1890 3298 2006 3343 Hist.
2039 3300 2080 3350 2.
2111 3299 2184 3342 98.

197 3367 266 3410 12.
298 3367 512 3410 accensis
541 3355 773 3409 indicib'us
811 3377 850 3391 =
887 3366 1020 3405 tanta
1049 3364 1118 3406 ira
1151 3362 1412 3412 concitatiS,
1444 3364 1497 3404 ut
1525 3358 1707 3403 indices
1738 3360 2032 3402 exsisterent.

198 3427 267 3469 14.
297 3423 529 3475 renidenS,
560 3420 881 3477 grijnslachen,
913 3420 973 3464 cf.
1004 3422 1047 3472 4,
1078 3422 1163 3465 60:
1198 3419 1412 3464 Tiberius
1443 3418 1610 3462 falsum
1640 3417 1874 3462 renidens.

199 3486 269 3528 15.
301 3480 785 3532 redderet...vicem,
831 3479 967 3535 gelijk
1011 3483 1108 3523 met
1153 3477 1290 3533 gelijk
1335 3477 1603 3532 vergelden.
1651 3481 1746 3521 tum
1777 3474 1899 3520 bono
1946 3475 2009 3528 (Ξ
2062 3472 2247 3530 goedig]

136 3544 356 3644 Ξνίηςξρτὲί
382 3540 498 3586 daar
529 3539 644 3654 degze
675 3538 789 3584 toch
819 3554 908 3582 een
941 3536 1481 3640 dertsffinenzweerders
1501 3541 1585 3582 ,tot
1616 3534 1805 3580 rechter
1837 3550 1951 3579 over
1981 3549 2071 3578 een
2102 3533 2249 3577 ander

173 3615 224 3645 er
248 3616 322 3645 me
359 3614 569 3645 e-samen
601 3612 881 3643 ezworenen
911 3611 1024 3641 aans
1047 3611 1073 3640 e
1127 3612 1168 3641 e.

171 3690 175 3692 -
201 3661 269 3704 16.
301 3657 445 3703 verba
473 3673 562 3702 suu
591 3656 917 3713 praepediens,
947 3659 1085 3700 vert.:
1118 3653 1399 3700 stotterend.
