2574 3912
591 210 695 275 AB
734 206 1073 265 EXCESSU
1096 206 1259 263 DIVI
1296 205 1628 263 AUGUSTI
1665 205 1782 262 XV.
2175 209 2245 260 27

132 365 466 429 Armeniam
506 371 678 428 ducit.
719 361 1054 439 addiditque
1093 369 1379 438 legionem
1417 372 1688 438 quintam,
1712 387 1860 437 quae
1881 386 1986 436 per
2005 365 2248 421 Pontum

134 479 310 539 agens
338 479 544 538 expers
565 465 743 522 cladis
764 465 965 529 fuerat,
987 464 1154 520 simul
1173 463 1721 534 quintadecumanos
1742 482 1944 518 recens
1967 460 2248 518 adductos

133 569 192 619 et
228 563 457 627 *vexilla
514 561 866 618 delectorum
920 581 994 616 ex
1042 558 1262 629 illyrico
1299 566 1357 615 et
1395 558 1679 629 Aegypto,
1721 557 1993 628 quodque
2033 555 2249 612 alarum

133 658 582 727 cohortiumque,
623 663 682 712 et
717 655 925 712 auxilia
943 666 1140 726 regum
1159 658 1216 710 in
1238 674 1414 710 unum
1434 654 1721 710 conducta
1743 652 1896 722 apud
1915 651 2247 714 Melitenen,

134 773 248 824 qua
284 757 599 810 tramittere
637 751 969 821 Euphraten
1005 750 1426 821 parabatfftum
1462 749 1763 805 lustratum
1799 751 1906 803 rite
1939 750 2250 803 exercitum

134 848 210 905 ad
247 852 574 905 contionem
612 854 783 903 vocat
822 847 1157 916 orditurque
1185 845 1486 916 magnifica
1509 844 1581 900 de
1604 847 1870 914 auspiciis
1890 845 2250 912 imperatoris

132 944 423 1014 rebusque
462 964 497 999 a
534 963 597 998 se
637 946 826 1013 gesti&
870 942 1117 998 adversa
1154 946 1212 997 in
1249 943 1530 997 inscitiam
1560 939 1720 995 Paeti
1743 938 2051 1001 declinam,
2074 937 2252 994 multa

134 1041 490 1104 auctoritate,
533 1058 680 1108 quae
720 1041 844 1094 viro
885 1038 1113 1093 militari
1149 1058 1258 1107 pro
1296 1035 1566 1092 facundia
1602 1041 1742 1090 erat.

217 1170 464 1228 XXVII.
540 1169 817 1227 Corbulo
857 1174 1158 1240 ontvangt
1193 1169 1274 1226 de
1315 1173 1628 1240 gezanten
1665 1167 1794 1223 van
1831 1165 2146 1222 Tiridates

923 1292 1004 1329 en
1040 1271 1453 1344 Vologaeses.

203 1405 426 1462 XXVII.
467 1405 609 1461 Mox
646 1409 754 1461 iter
790 1405 848 1461 L.
882 1405 1115 1462 Lucullo
1137 1404 1427 1474 quondam
1445 1410 1826 1474 penetratum,
1849 1405 2079 1471 apertis,
2103 1422 2251 1471 quae

132 1508 388 1559 vetustas
407 1501 797 1572 obsaepserat,
814 1505 1014 1572 pergit.
1029 1507 1088 1556 et
1108 1504 1406 1556 venientes
1421 1499 1686 1555 Tiridatis
1707 1497 2159 1568 Vologaesisque
2177 1495 2251 1551 de

132 1618 278 1668 pace
289 1597 511 1668 legatos
525 1596 681 1653 haud
699 1603 1055 1667 aspernatuS,
1075 1596 1327 1666 adiungit
1341 1598 1409 1651 iis
1430 1597 1797 1652 centuriones
1819 1614 1948 1649 cum
1968 1592 2252 1648 mandatis

133 1713 251 1750 non
288 1692 606 1749 inmitibus:
647 1713 756 1748 nec
795 1695 945 1748 enim
985 1691 1181 1747 adhuc·
1211 1712 1282 1747 eo
1303 1698 1554 1771 ventum,
1576 1697 1638 1746 ut
1658 1693 1970 1745 certamine
1993 1694 2251 1743 extremo

137 1809 282 1859 opus
339 1795 508 1844 esset.
550 1787 727 1844 muita
764 1788 1036 1843 Romanis
1075 1786 1346 1852 secunda,
1389 1785 1674 1856 quaedam
1712 1784 1930 1840 Parthis
1971 1786 2250 1847 evenisse,

136 1883 481 1941 documento
541 1883 818 1939 adversus
877 1882 1219 1953 superbiam.
1271 1882 1514 1952 proinde
1555 1888 1613 1936 et
1649 1879 1887 1936 Tiridati
1927 1879 2251 1935 conducere

134 1983 412 2036 intactum
467 1978 884 2035 vastationibus
944 1990 1180 2048 regnum
1235 1978 1390 2033 dono
1450 1981 1730 2047 accipere,
1792 1982 1850 2031 et
1886 1975 2253 2045 Vologaesen

135 2074 333 2131 melius
385 2078 664 2130 societate
702 2074 964 2130 Romana
1004 2094 1175 2144 quam
1215 2072 1437 2129 damnis
1476 2075 1684 2128 mutuis
1725 2073 1879 2143 genti
1915 2070 2253 2126 Parthorum

136 2170 542 2227 consulturum.
584 2173 747 2235 scire,
788 2176 1062 2240 quantum
1101 2173 1252 2225 intus
1299 2168 1729 2233 discordiarum,
1770 2186 2056 2237 quamque
2088 2165 2253 2220 indo-

134 2269 300 2322 mitas
355 2271 414 2322 et
469 2265 835 2335 praeferoces
889 2268 1154 2321 nationes
1215 2271 1464 2334 regeret:
1523 2270 1724 2319 contra
1777 2263 2110 2332 imperatori
2148 2281 2254 2316 suo

135 2365 427 2417 immotam
474 2360 686 2431 ubique
725 2381 929 2430 pacem
968 2367 1027 2415 et
1063 2381 1240 2416 unum
1278 2359 1338 2414 id
1375 2358 1586 2415 bellum
1626 2379 1771 2414 esse.
1813 2358 1977 2413 simul
2016 2356 2253 2412 consilio

226 2532 269 2574 3.
304 2527 489 2582 vexilla,
523 2529 932 2575 detachementen.
1031 2564 1044 2580 ,ι

224 2590 266 2633 3.
297 2587 502 2644 Illyrico,
549 2589 618 2633 dit
675 2594 883 2634 omvatte
929 2587 1174 2639 Dalmatia.
1206 2587 1451 2632 Pannonia
1496 2603 1556 2630 en
1602 2586 1798 2631 Moesia.
1861 2584 2079 2641 quodque
2111 2616 2120 2627 .
2156 2617 2165 2626 .
2200 2616 2209 2626 .
2245 2616 2253 2626 .

135 2645 496 2751 {ohqiriiumqua
526 2664 591 2692 sc.
623 2654 739 2692 erat.
772 2648 834 2702 [ε
872 2647 1182 2692 voorhanden
1212 2647 1353 2699 was);
1386 2646 1446 2690 de
1479 2645 1581 2690 alae
1613 2661 1672 2689 en
1704 2644 1926 2689 cohortes
1958 2643 2156 2688 bestaan
2189 2645 2256 2687 uit

172 2722 234 2751 on
270 2711 522 2762 genooten.

226 2767 270 2808 4.
304 2777 478 2822 regum,
522 2765 600 2810 n.l.
646 2764 858 2821 Agrippa
903 2780 997 2809 van
1028 2763 1215 2808 Chalcis
1245 2766 1293 2808 in
1325 2762 1471 2819 Syri'e'.
1504 2761 1772 2807 Antiochus
1802 2777 1894 2806 van
1924 2760 2254 2815 Kommagene,

138 2823 441 2881 Aristobulus
458 2840 549 2868 van
579 2823 806 2868 Armenia
835 2826 1001 2876 minor,
1034 2823 1293 2868 Sohaemus
1323 2838 1416 2866 van
1446 2821 1614 2866 Emesa
1644 2824 1691 2866 in
1724 2821 1871 2878 Syrie.
1905 2820 1985 2874 (cs.
2022 2822 2089 2872 13,
2122 2821 2164 2872 Ἰ)
2197 2846 2256 2852 -—-

137 2881 400 2935 Melitenen,
431 2885 480 2928 in
510 2881 828 2939 Cappadoci'e‘,
861 2898 950 2927 aan
981 2882 1073 2927 den
1105 2882 1345 2938 Euphraat
1376 2881 1568 2937 gelegen
1600 2882 1814 2936 (tegenw.
1847 2879 2070 2931 Malatia).

226 2943 269 2986 6.
302 2940 362 2985 cle
407 2944 648 2997 auspiciis,
680 2942 769 2986 alle
799 2940 1180 2997 krijgsbedrijven
1211 2939 1493 2996 geschieden
1526 2939 1677 2984 onder
1709 2939 1767 2984 de
1800 2940 2009 2995 auspicia
2038 2953 2131 2982 van
2163 2935 2255 2981 den

138 2999 298 3045 keizer
327 3000 395 3045 als
426 3006 681 3057 oppersten
710 3000 949 3046 veldheer.

227 3063 269 3104 7.
331 3058 588 3111 declinans,
633 3075 726 3103 van
755 3059 858 3104 zich
888 3056 1197 3104 asschuivend
1227 3073 1286 3102 en
1318 3073 1380 3114 op
1412 3056 1638 3112 rekening
1668 3055 1868 3101 stellend
1898 3071 2017 3106 van;
2051 3053 2254 3098 adversa

141 3150 151 3161 .
185 3150 196 3161 .
230 3151 240 3162 .
271 3149 284 3162 .
316 3117 571 3171 declinans,
606 3117 665 3162 cf.
698 3117 810 3163 Sall.
842 3118 958 3162 Hist.
991 3117 1030 3162 II
1062 3119 1146 3162 36:
1181 3116 1241 3161 ad
1272 3116 1365 3160 hoc
1395 3116 1659 3161 rumoribus
1677 3116 1880 3160 advorsa
1895 3117 1942 3158 in
1957 3115 2252 3170 pravitatem,

138 3175 348 3223 secunda
375 3179 424 3222 in
457 3193 629 3229 casum,
660 3176 896 3221 fortunam
925 3179 974 3221 in
1004 3177 1318 3221 temeritatem
1349 3174 1631 3219 declinando
1647 3174 2033 3231 corrumpebant:
2053 3187 2113 3216 en
2129 3171 2252 3216 Anu.

142 3238 211 3287 14.
242 3237 323 3281 38:
357 3236 557 3281 adversa
584 3238 822 3292 pravitati.
852 3251 1082 3292 prospera
1111 3234 1172 3279 ad
1202 3235 1438 3279 fortunam
1467 3233 1719 3278 referebat.

198 3293 377 3340 XXVII.
423 3298 465 3340 9.
512 3292 703 3339 Lucullo
734 3297 782 3339 in
813 3293 895 3339 het
924 3296 1022 3349 {aar
1051 3294 1110 3338 69
1139 3310 1183 3338 v.
1218 3293 1268 3338 C.
1310 3296 1358 3338 in
1391 3293 1482 3337 den
1513 3295 1605 3337 2en
1635 3289 2043 3336 Mithridatischen
2074 3289 2254 3344 oorlog.

138 3358 440 3409 penetratum,
470 3359 720 3409 penetrare
750 3356 840 3398 iter
870 3355 910 3398 is
941 3352 1166 3408 gevormd
1195 3368 1310 3397 naar
1341 3352 1556 3406 analogia
1587 3367 1704 3395 van:
1736 3359 1934 3406 pergere
1964 3351 2067 3393 iter.

147 3417 150 3420 ’
201 3414 271 3456 12.
303 3416 436 3466 enim,
483 3412 560 3457 h.l.
607 3411 733 3468 gebr.
775 3411 966 3456 evenals
997 3412 1049 3456 of
1077 3411 1216 3456 reeds
1246 3413 1410 3466 eenige
1440 3409 1671 3455 woorden
1701 3425 1862 3453 waren
1891 3407 2253 3462 voorafgegaan.

139 3473 338 3516 waaruit
367 3487 475 3516 men
506 3470 565 3515 de
595 3470 874 3516 v'reedzame
905 3469 1184 3526 gezindheid
1213 3470 1312 3515 kon
1345 3469 1592 3526 opmaken.

202 3532 272 3574 12.
303 3532 553 3574 certamine
584 3534 786 3574 extremo
818 3556 876 3562 —-
907 3545 996 3576 een
1026 3529 1155 3586 strijd
1187 3546 1250 3586 op
1281 3529 1418 3573 leven
1450 3544 1509 3572 en
1542 3526 1685 3572 dood.

171 3613 175 3617 ·
202 3591 272 3633 14.
303 3588 591 3641 documentO.
623 3593 696 3634 tot
725 3588 1110 3643 waarschuwing.

203 3650 271 3691 17.
303 3650 438 3700 scire,
470 3663 535 3692 sc.
568 3663 632 3691 se.

2279 1507 2320 1540 10

2279 1993 2319 2025 15
