2574 3912
351 177 425 230 64
1104 171 1451 231 CORNELII
1486 173 1734 232 TACITI

348 341 522 406 atque
561 334 756 391 Annio
794 334 1036 392 Pollioni
1073 335 1363 392 infamatis
1400 339 1579 407 magis
1619 356 1793 407 quam
1831 341 2109 395 convictis
2131 338 2269 396 data
2285 339 2472 398 exilia.

346 431 600 488 Priscum
654 430 892 502 Artoria
942 430 1208 488 Flaccilla
1262 434 1475 488 coniux
1512 435 1786 489 comitata
1824 440 1929 499 est,
1970 432 2211 491 Gallum*
2233 433 2476 507 Egnatia

346 525 674 592 Maximilla,
714 529 933 598 magnis
968 530 1213 598 primum
1253 534 1313 584 et
1335 530 1568 599 integris
1590 527 1813 599 opibuS,
1834 536 1967 600 post
1988 528 2300 600 ademptis:
2322 550 2473 602 quae

346 630 591 693 utraque
629 622 867 693 gloriam
907 625 1031 680 eius
1072 643 1305 679 auxere.
1343 622 1575 694 pellitur
1610 630 1671 680 et
1707 623 1939 681 Rufrius
1983 623 2276 696 Crispinus
2303 646 2473 684 occa-

301 735 323 768 5
347 721 510 775 sione
550 721 978 784 coniurationiS,
1019 718 1127 775 sed
1164 717 1382 775 Neroni
1399 721 1634 784 invisuS,
1658 720 1815 790 quod
1833 718 2162 791 Poppaeam
2181 721 2475 792 quondam

346 817 709 870 matrimonio
765 821 1049 871 tenuerat.
1102 814 1433 886 Verginium
1481 813 1740 879 <Flavum
1779 823 1837 873 et
1874 814 2229 880 Musonium>
2263 817 2475 876 Rufum

346 909 628 975 claritudo
667 913 912 967 nominis
949 909 1195 982 expulit:
1217 931 1353 966 nam
1376 908 1673 981 Verginius
1696 912 1887 968 studia
1905 915 2177 970 iuvenum
2196 907 2472 985 eloquen-

345 1010 442 1072 tia,
481 1005 784 1063 Musonius
821 1010 1151 1078 praeceptis
1190 1010 1509 1077 sapientiae
1549 1007 1805 1064 fovebat.
1848 1005 2189 1065 Cluvidieno
2241 1007 2473 1077 Quieto,

345 1100 484 1159 Iulio
540 1101 861 1175 Agrippae,
910 1101 1082 1159 Blitio
1142 1100 1426 1168 Catulino,
1485 1101 1755 1160 Petronio
1811 1088 2021 1164 Prisco,
2079 1103 2219 1161 Iulio
2257 1103 2472 1173 Altino,

281 1222 324 1256 ιο
348 1197 505 1255 velut
541 1201 601 1254 in
639 1211 843 1270 agmen
882 1205 941 1255 et
978 1218 1296 1264 numerum,
1337 1198 1561 1270 Aegaei
1599 1203 1770 1255 maris
1808 1199 2027 1257 insulae
2047 1203 2471 1272 permittuntur.

347 1301 407 1351 at
446 1293 698 1360 Cadicia,
738 1316 886 1352 uxor
937 1294 1223 1361 Scaevini,
1264 1301 1322 1351 et
1362 1293 1719 1352 Caesennius
1757 1294 2045 1354 Maximus
2083 1296 2243 1354 Italia
2278 1297 2472 1368 prohi-

346 1390 571 1457 bentur,
603 1411 737 1448 reos
775 1390 951 1448 fuisse
992 1413 1055 1448 se
1088 1398 1311 1448 tantum
1347 1411 1540 1462 poena
1561 1395 1799 1462 experti.
1819 1392 2022 1459 Acilia,
2042 1400 2226 1450 mater
2243 1391 2473 1450 Annaei

345 1485 573 1553 Lucani,
614 1490 737 1543 sine
778 1487 1158 1554 absolutione,
1199 1490 1322 1544 sine
1363 1486 1643 1558 supplicio
1684 1486 2051 1545 dissimulata.
2479 1490 2541 1535 κί’

2439 1534 2479 1568 l

1099 1626 1327 1685 LXXII.
1399 1627 1694 1700 Vervolg.

415 1767 622 1826 LXXII.
701 1767 925 1834 Quibus
981 1771 1328 1840 perpetratis
1385 1767 1540 1825 Nero
1594 1775 1653 1825 et
1692 1770 1965 1824 contione
2003 1768 2241 1826 militum
2277 1767 2474 1827 habita

281 1888 322 1921 15
345 1864 481 1922 bina
516 1886 809 1922 nummum
847 1865 1000 1921 milia
1038 1868 1245 1921 viritim
1284 1864 1731 1936 manipularibus
1771 1864 1961 1921 divisit
1993 1864 2327 1936 addiditque
2347 1868 2472 1922 sine

345 1964 532 2031 pretio
591 1961 953 2027 frumentum,
995 1981 1111 2031 quo
1160 1967 1294 2017 ante
1333 1981 1405 2016 ex
1443 1960 1617 2017 modo
1658 1980 1927 2017 annonae
1966 1960 2293 2018 utebantur.
2332 1966 2472 2027 tum,

347 2059 510 2127 quasi
548 2064 710 2128 gesta
747 2056 900 2113 bello
943 2060 1322 2127 exposituruS,
1363 2064 1537 2113 vocat
1570 2063 1834 2113 senatum
1855 2063 1915 2113 et
1935 2057 2272 2127 triumphale
2294 2056 2472 2114 decus

437 2237 475 2278 1.
508 2233 622 2278 data
657 2249 701 2264 =
737 2232 936 2290 genadig
966 2233 1285 2290 geschonken.

436 2297 477 2338 2.
513 2291 696 2338 Gallum
742 2292 945 2349 Egnatia
977 2292 1256 2347 Maximilla,
1290 2292 1406 2338 deze
1436 2291 1628 2337 leefden
1661 2308 1724 2349 op
1756 2290 1950 2337 Andros
1980 2294 2029 2336 in
2059 2291 2380 2348 ballingschap
2411 2308 2473 2337 en

347 2366 552 2413 stonden
570 2366 684 2411 daar
699 2368 748 2411 in
764 2366 921 2422 hooge
939 2382 1032 2415 eer,
1053 2366 1114 2411 cf.
1133 2365 1184 2411 C.
1203 2366 1235 2411 Ι.
1254 2366 1336 2412 Gr,
1354 2368 1472 2411 2349
1488 2369 1524 2411 i:
1545 2357 1572 2409 ὁ
1595 2356 1768 2425 δῆμος
1786 2353 2079 2425 Ἐγνατίαν
2103 2354 2467 2424 Μαξίμιλλαν,

346 2431 440 2499 τὴν
500 2430 696 2483 ἑαυτοῦ
754 2430 1049 2500 εὐεργέτιν,
1093 2430 1282 2498 ἀρετῆς
1323 2430 1487 2484 ἕνεκα
1525 2456 1585 2484 en
1621 2430 1650 2483 ὁ
1691 2429 1869 2498 δῆμος
1911 2430 2185 2483 Πούπλιον
2229 2427 2469 2483 Γλείτιον

352 2505 581 2568 Γάλλον,
621 2507 712 2557 τ’ὀν
753 2504 949 2558 ἑαυτοῦ
989 2505 1248 2574 πάτρωνος
1292 2502 1387 2558 καὶ
1426 2503 1734 2573 εὐεργέτην,
1773 2504 1975 2572 ἀρετ-ἦς’
2014 2504 2193 2557 ἕνεκα·

436 2577 477 2619 3.
511 2589 634 2630 quae
665 2579 863 2630 utraque
901 2589 940 2603 =
979 2574 1129 2619 klass:
1163 2573 1294 2631 quod
1323 2581 1586 2630 utrumque,
1620 2574 1701 2618 dat
1716 2577 1769 2629 zij
1786 2573 1864 2618 n-l.
1882 2574 1997 2618 haar
2012 2590 2119 2618 man
2135 2579 2181 2618 in
2198 2572 2258 2618 de
2273 2570 2472 2629 halling-

348 2633 493 2690 schap
541 2632 714 2688 volgde
761 2636 809 2678 in
839 2633 1049 2678 weerwil
1080 2633 1161 2678 het
1193 2638 1352 2689 genot,
1386 2634 1469 2678 dat
1499 2633 1614 2678 haar
1644 2638 1783 2689 groot
1813 2641 2069 2689 vermogen
2101 2632 2214 2677 haar
2243 2634 2293 2678 in
2322 2631 2472 2678 Rome

347 2693 443 2738 kon
476 2692 740 2738 aanbieden
771 2709 830 2737 en
863 2692 945 2737 dat
974 2697 1026 2748 zij
1062 2709 1138 2737 om
1170 2692 1284 2738 haar
1315 2709 1423 2738 man
1454 2693 1567 2738 haar
1598 2698 1737 2749 groot
1766 2701 2019 2749 vermogen
2050 2692 2254 2737 verloor.

436 2755 477 2796 4.
509 2751 709 2796 Rufrius
744 2750 1005 2808 Crispinus,
1039 2753 1100 2796 cf.
1137 2755 1204 2804 11,
1240 2755 1279 2797 1.
1298 2787 1307 2797 .
1327 2786 1337 2796 .
1358 2786 1367 2797 .
1388 2751 1668 2808 Crispinum,
1699 2755 1928 2808 praetorii
1958 2751 2266 2809 praefectum.
2297 2753 2340 2795 Ξ.
2364 2749 2471 2804 sed,

347 2817 481 2856 vert:
514 2810 729 2867 eigenlijk
763 2811 927 2856 echter
960 2810 1121 2856 omdat
1140 2845 1149 2855 .
1169 2843 1178 2855 .
1200 2845 1208 2855 .

435 2873 477 2915 6.
518 2870 778 2926 Verginium
808 2869 1020 2923 Flavum,
1054 2871 1170 2915 deze
1202 2882 1300 2915 was
1334 2869 1393 2915 de
1424 2870 1725 2915 leermeester
1756 2885 1846 2914 van
1877 2868 2063 2914 Persius
2096 2885 2155 2914 en
2176 2867 2334 2914 wordt
2349 2867 2472 2914 door

350 2929 663 2984 Quintilianus
697 2931 754 2983 (3,
790 2932 827 2982 1,
861 2931 934 2982 21)
969 2930 1118 2975 onder
1151 2929 1210 2974 de
1242 2930 1466 2974 rhetoren
1497 2929 1721 2974 vermeld.
1753 2928 2023 2973 Musonium
2054 2927 2243 2980 Rufum,
2291 2927 2351 2973 cf.
2402 2930 2471 2980 14,

349 2992 428 3034 59:
462 2989 688 3034 doctores
719 2991 993 3046 sapientiae,
1028 2989 1293 3034 Coeranum
1326 2988 1526 3041 Graeci;
1560 2989 1829 3033 Musonium
1861 2988 2002 3033 Tusci
2034 2989 2304 3043 generis...

410 3051 478 3093 10.
511 3051 556 3092 in
590 3059 755 3104 agmen
787 3054 832 3092 et
861 3063 1113 3101 numerum,
1148 3065 1224 3093 om
1258 3048 1348 3093 den
1381 3051 1502 3093 trein
1533 3053 1580 3092 te
1613 3048 1782 3093 sluiten
1815 3063 1874 3091 en
1892 3047 1973 3092 het
1990 3046 2111 3103 getal
2128 3046 2207 3092 vol
2223 3052 2270 3091 te
2286 3044 2471 3091 maken.

410 3111 479 3153 11.
514 3106 805 3152 Caesennius
835 3107 1089 3160 Maximus,
1122 3107 1179 3162 bij
1213 3106 1441 3152 Martialis
1474 3108 1531 3160 (7,
1563 3108 1637 3159 44)
1673 3106 1932 3152 Caesonius
1964 3105 2216 3163 geheeten:
2240 3103 2471 3150 Maximus

348 3166 423 3211 ille
472 3173 594 3220 tuus,
643 3166 798 3219 Ovidi.
843 3166 1108 3212 Coesonius
1154 3167 1230 3212 hic
1278 3172 1363 3219 est,
1398 3166 1541 3211 Cuius
1588 3166 1743 3211 adhuc
1788 3166 1967 3211 voltum
1998 3165 2156 3210 vivida
2188 3179 2296 3209 cera
2325 3168 2471 3208 tenet.

350 3225 484 3272 Hunc
515 3226 641 3271 Nero
676 3225 938 3271 damnavit:
972 3226 1057 3271 sed
1089 3232 1139 3270 tu
1174 3227 1396 3270 damnare
1427 3225 1664 3270 Neronem
1696 3225 1854 3270 Ausus
1885 3242 1936 3269 es
1968 3230 2015 3269 et
2045 3224 2246 3281 profugi,
2277 3237 2375 3268 non
2390 3227 2472 3267 tua

348 3285 446 3330 fata
491 3288 711 3341 sequi...
743 3284 922 3330 Audiet
968 3286 1060 3330 hoc
1107 3301 1333 3341 praesens
1379 3290 1673 3342 venturaque
1712 3284 1852 3330 turba
1893 3284 2035 3329 fuisse
2067 3283 2134 3327 Illi
2166 3288 2227 3335 te,
2259 3280 2471 3327 Senecae

350 3344 478 3400 quod
511 3344 598 3389 fuit
630 3344 706 3388 ille
737 3360 839 3389 suo.

412 3407 479 3447 12.
510 3403 680 3455 Acilia,
714 3408 862 3447 mater
892 3402 1083 3447 Annaei
1112 3402 1305 3454 Lucani,
1339 3402 1398 3447 cf.
1432 3418 1472 3446 c.
1505 3404 1576 3447 56.

411 3465 478 3507 13.
512 3462 805 3506 dissimulata
838 3489 896 3495 —
927 3462 1204 3518 genegeerd.

408 3521 579 3566 LXXII.
616 3525 683 3565 14.
717 3521 919 3572 militum,
939 3528 1016 3565 sc.
1048 3523 1473 3578 praetorianorum.

412 3584 479 3625 16.
512 3596 570 3625 ex
615 3580 754 3625 morlo
802 3596 1021 3624 annonae
1059 3598 1097 3611 =
1136 3582 1183 3624 in
1232 3581 1683 3634 overeenstemming
1728 3583 1823 3623 met
1865 3577 1924 3623 de
1955 3593 2075 3622 voor
2105 3576 2186 3621 het
2218 3572 2472 3632 oogenblik

349 3640 610 3694 geldenden
643 3640 916 3696 korenprijs,
950 3639 1305 3695 waarschijnlijk
1337 3641 1591 3694 ontvingen
1622 3643 1674 3694 zij
1707 3638 1789 3683 het
1815 3653 1935 3683 voor
1951 3653 2040 3682 een
2057 3638 2328 3692 geringeren
2345 3638 2472 3692 prii!-
