2574 3912
345 184 417 236 66
1095 181 1440 241 CORNELII
1476 182 1723 243 TACITI

342 349 403 401 in
441 350 647 400 senatu
686 348 919 410 cunetis¹
960 351 1025 401 ut
1062 349 1268 417 cuique
1307 346 1609 417 plurimum
1646 351 1941 414 maeroris,
1981 351 2040 407 in
2076 347 2469 411 adulationem

344 439 624 505 demissiS,
683 438 903 496 Iunium
962 438 1302 507 Gallionem,
1345 440 1605 500 Senecae
1644 442 1836 501 fratris
1875 450 2060 501 morte
2098 445 2374 516 pavidum
2408 455 2469 506 et

342 555 448 606 pro
464 555 571 592 sua
589 535 978 593 incolumitate
999 536 1330 608 supplicem,
1351 541 1630 610 increpuit
1652 537 1913 597 Salienus
1934 538 2222 608 ClemenS.
2242 541 2468 601 hostem

342 637 403 688 et
439 631 780 702 parricidam
818 653 1053 699 vocanS,
1097 633 1283 691 donec
1322 654 1610 692 consensu
1646 642 1873 707 patrum
1913 635 2216 694 deterritus
2255 645 2362 706 est,
2390 659 2468 698 ne

296 739 318 773 ⁵
340 725 583 798 publicis
642 727 801 784 malis
856 728 1016 786 abuti
1071 730 1148 787 ad
1187 734 1551 788 occasionem
1599 735 1807 803 privati
1847 733 1965 790 odii
2002 733 2314 802 videretur,
2348 756 2468 796 neu

341 827 661 895 composita
699 830 799 881 aut
837 824 1144 883 obliterata
1183 827 1626 885 mansuetudine
1663 831 1933 900 principis
1971 850 2184 889 novam
2223 830 2317 900 ad⁴
2335 851 2466 890 sae-

339 923 535 978 vitiam
571 920 910 979 retraheret.
1033 924 1061 940 ⁴

375 1067 618 1127 LXXIV.
670 1009 1208 1142 Vreugciebetoon
1244 1090 1372 1129 van
1409 1070 1537 1131 den
1575 1078 1803 1163 senaat¹
1841 1091 1995 1132 over
2034 1072 2116 1133 de
2154 1073 2430 1151 redding

1121 1186 1247 1226 van
1285 1165 1414 1226 den
1450 1167 1692 1227 keizer.

410 1313 644 1372 LXXIV.
719 1314 862 1372 Tum
934 1315 1209 1385 [decreta]
1283 1315 1439 1373 dona
1513 1323 1571 1374 et
1624 1324 1815 1389 grates
1874 1318 1998 1375 deis
2057 1319 2460 1387 decernuntur,

337 1414 716 1482 propriusque
754 1412 942 1469 honos
983 1411 1119 1479 Soli,
1147 1396 1253 1476 (cui
1292 1420 1380 1470 est
1417 1419 1585 1471 vetus
1622 1413 1802 1472 aedes
1842 1414 1998 1486 apud
2017 1418 2246 1482 circum.
2266 1419 2324 1472 in
2345 1436 2460 1487 quo

275 1526 314 1560 ιο
339 1508 559 1564 facinus
615 1482 954 1587 parabatur)
1003 1512 1100 1580 qui
1141 1509 1365 1566 occulta
1403 1514 1814 1568 coniurationis
1853 1515 2084 1568 numine
2123 1515 2460 1580 retexisset:

336 1611 514 1675 utque
554 1607 889 1663 circensium
916 1599 1237 1662 'Cerialium
1275 1605 1554 1663 ludicrum
1591 1606 1843 1678 pluribus
1877 1628 2156 1679 equorum
2199 1607 2462 1667 cursibus

336 1700 740 1768 celebraretur.
781 1705 1108 1773 mensisque
1146 1684 1360 1774 Aprilis
1399 1702 1645 1761 Neronis
1668 1711 2111 1776 cognomentum
2142 1707 2459 1777 acciperet}

335 1796 610 1868 templum
650 1796 831 1854 Saluti
871 1804 1235 1858 extrueretur
1275 1819 1347 1857 eo
1387 1799 1716 1911 loci2.174.„ex
1755 1821 1870 1872 quo
1909 1799 2226 1859 Scaevinus
2248 1800 2461 1860 {ertum

427 1949 466 1990 1.
498 1948 677 1990 cunctis
694 1980 703 1990 .
723 1979 734 1990 .
752 1979 762 1990 .
779 1946 1011 2000 demissis,
1044 1946 1259 2003 kortweg
1276 1946 1403 2004 gebr.
1426 1950 1454 1993 i.
1471 1965 1517 2005 p.
1534 1964 1602 1994 v.:
1623 1951 1804 1995 cunctis
1821 1975 1878 1983 —
1895 1954 1943 1994 et
1958 1954 2010 1995 ut
2027 1951 2197 2009 cuique
2212 1949 2460 2008 plurimum

332 2008 573 2057 maeroriS,
602 2007 671 2050 ita
700 2008 897 2051 maxime
927 2030 987 2038 -
1017 2009 1064 2052 in
1097 2006 1415 2053 adulationem
1446 2008 1674 2055 demissis.
1704 2011 1948 2061 maeroris,
1979 2008 2056 2055 n.l.
2075 2025 2192 2055 over
2208 2009 2459 2056 bloedver-

331 2071 519 2111 wanten
553 2064 605 2111 of
635 2065 877 2119 vrienden,
911 2065 989 2112 die
1020 2067 1387 2124 terechtgesteld
1418 2083 1592 2115 waren.
1622 2067 1806 2116 Iunium
1839 2066 2117 2121 Gallionem.
2133 2069 2284 2117 voluit
2299 2068 2459 2119 heette

332 2124 390 2179 hij
427 2124 477 2169 L.
509 2123 737 2170 Annaeus
768 2125 925 2171 lunius
958 2125 1130 2177 Gallio,
1153 2143 1274 2172 voor
1289 2131 1375 2181 ziin
1394 2125 1591 2184 adoptio
1609 2144 1707 2173 was
1722 2131 1810 2179 ziin
1825 2144 1963 2174 naam
1980 2129 2206 2175 Annaeus
2222 2128 2456 2183 Novatu83

333 2184 392 2239 hij
426 2199 524 2230 was
556 2184 722 2231 consul
763 2184 995 2232 suffectus
1027 2190 1252 2241 geweest.
1285 2186 1345 2233 cf.
1376 2186 1492 2233 Plin.
1523 2186 1580 2235 H.
1612 2186 1667 2234 N.
1699 2189 1772 2241 31.
1803 2190 1845 2242 6,
1877 2189 1958 2240 622
1991 2193 2072 2237 ten
2103 2188 2214 2243 tiide
2257 2203 2352 2237 van
2398 2187 2458 2235 de

333 2246 425 2288 reis
470 2259 562 2288 van
610 2243 703 2288 den
750 2245 938 2300 apostel
976 2244 1148 2290 Paulus
1179 2261 1277 2291 was
1308 2245 1366 2302 hij
1399 2246 1658 2303 proconsul
1688 2262 1780 2292 van
1812 2246 2011 2301 Achaia,
2043 2246 2103 2292 cf.
2135 2246 2459 2305 Handelingen

336 2316 419 2362 der
450 2316 713 2374 apostelen‚
749 2319 817 2371 18,
853 2321 935 2364 12:
991 2309 1313 2373 Γαλλίωνος
1373 2309 1431 2364 δὲ
1490 2309 1964 2373 ἀνθυπατεύοντος
2020 2314 2111 2379 τῆς
2171 2309 2456 2382 Ἀχαΐασ;

332 2390 459 2436 Nero
491 2390 573 2436 liet
605 2390 712 2437 hem
742 2390 862 2437 later
894 2391 1101 2445 dooden.
1135 2392 1195 2440 cf.
1226 2393 1317 2441 Dio
1336 2396 1406 2445 62.
1424 2396 1505 2442 25:
1544 2385 1634 2440 καὶ
1675 2384 1726 2439 οἱ
1768 2381 1991 2454 ἀδελφοὶ
2014 2393 2109 2450 [n.l.
2140 2410 2231 2443 van
2256 2393 2457 2460 Sea-eea]

338 2454 557 2524 ὕστερον
601 2455 975 2510 ἑπαπώλοντοι

418 2528 460 2570 3.
492 2524 685 2578 hostem.
719 2541 784 2570 sc.
816 2529 1012 2583 patriae,
1043 2526 1347 2584 parricidam,
1380 2527 1503 2575 door
1533 2532 1621 2586 zijn
1652 2544 2002 2575 samenzweren
2018 2527 2269 2586 tegen‘den
2285 2527 2458 2584 keizer.

331 2583 423 2630 den
455 2589 590 2640 pater
620 2587 816 2641 patriae.

419 2647 459 2688 4.
494 2641 742 2689 deterritus
773 2648 854 2698 est,
886 2645 963 2692 h.l.
1006 2660 1046 2675 Ξ
1083 2650 1157 2691 tot
1188 2650 1382 2703 zwijgen
1413 2645 1639 2703 brengen.

418 2706 460 2748 4.
491 2719 607 2748 ne..
627 2736 637 2747 .
657 2704 903 2756 videretur,
953 2704 1020 2750 dit
1065 2704 1210 2762 hangt
1255 2709 1354 2751 niet
1399 2706 1447 2752 af
1491 2723 1612 2752 van:
1646 2706 1898 2753 deterritus
1931 2712 2016 2761 est,
2047 2722 2176 2754 maar
2206 2706 2333 2765 geest
2364 2706 2458 2754 den

329 2761 508 2809 inhoucl
539 2779 631 2809 van
663 2763 757 2809 den
789 2780 1048 2810 consensus
1079 2771 1265 2822 patrum
1298 2782 1400 2819 aan.
1433 2766 1587 2812 welke
1618 2769 1687 2812 uit
1718 2782 1807 2812 een
1837 2765 2210 2826 waarschuwing
2235 2765 2456 2815 bestond.

330 2826 590 2878 composita
620 2849 679 2857 —
710 2823 955 2879 afgedaan.
988 2827 1030 2868 5.
1064 2824 1174 2877 odii,
1206 2841 1271 2870 sc.
1305 2826 1575 2872 exercendi.

418 2885 458 2926 7.
492 2881 761 2935 retraheret,
793 2899 920 2929 weer
950 2889 998 2928 te
1029 2884 1299 2941 voorschijn
1330 2885 1484 2931 halen.

390 2940 583 2987 LXXIV.
629 2944 672 2987 9.
719 2942 850 2999 apud
893 2946 1067 2989 circum
1122 2959 1161 2973 ==
1210 2946 1257 2989 in
1303 2947 1448 2998 circo.
1495 2945 1556 2990 cf.
1590 2943 1782 2991 Tertull.
1815 2946 1875 2991 de
1908 2944 2068 3003 Spect.
2099 2946 2151 2991 8:
2185 2946 2338 2991 circus
2367 2943 2457 2992 noli

329 3002 650 3058 principaliter
680 3008 1002 3055 consecratur,
1036 3004 1168 3049 cuius
1199 3003 1343 3049 aedes
1373 3003 1530 3051 medio
1562 3007 1733 3060 spatio,
1765 3010 1814 3050 et
1844 3004 2026 3062 effigie·
2043 3003 2102 3050 de
2122 3004 2308 3062 fastigio
2326 3003 2457 3051 aedis

331 3063 514 3114 emieat.
547 3060 677 3118 quod
708 3078 804 3107 non
836 3068 1123 3119 putaverunt
1154 3063 1240 3109 sub
1272 3068 1402 3110 tecto
1437 3063 1826 3119 consecrandum.
1859 3081 1998 3122 quem
2014 3066 2062 3110 in
2079 3069 2247 3121 aperto
2263 3062 2455 3110 habent.

332 3118 514 3166 occulta
547 3124 883 3168 coniurationis
913 3149 971 3158 —-
1003 3122 1084 3168 het
1115 3123 1298 3179 geheim
1329 3123 1555 3182 complot.

394 3182 462 3224 11.
498 3178 764 3234 Cerialium,
799 3181 858 3225 cf.
892 3197 931 3226 c.
966 3183 1037 3226 53.

393 3240 461 3283 12.
492 3243 664 3285 mensis
695 3240 889 3295 Aprilis,
921 3243 968 3286 in
1001 3240 1115 3287 deze
1147 3257 1245 3287 was
1277 3240 1336 3286 de
1367 3244 1736 3300 samenzwering
1767 3241 1982 3288 ontdekt.

394 3301 461 3343 12.
493 3304 842 3356 cognomenlnm
882 3316 920 3329 ²²¹
959 3316 1155 3354 nomem
1190 3301 1250 3346 de
1282 3301 1452 3347 maand
1486 3301 1630 3358 kreeg
1646 3300 1738 3347 den
1755 3299 2274 3355 naamzNeroneus,cf.
2294 3301 2454 3354 1⁶,12.

391 3359 460 3401 13.
493 3374 547 3402 eo
580 3358 684 3410 loci.
718 3359 776 3404 cf.
813 3362 881 3412 14,
914 3362 1000 3413 613
1033 3375 1140 3405 men
1171 3360 1434 3412 vermoedt,
1467 3361 1548 3407 dat
1579 3360 1802 3407 tusschen
1833 3377 1892 3406 eo
1924 3359 2018 3407 loci
2043 3376 2104 3405 en
2122 3376 2179 3406 ex
2197 3375 2291 3418 quo
2308 3362 2400 3406 iet·
2414 3362 2454 3405 is

329 3417 627 3472 nitgevallen,
659 3418 845 3463 hoewel
878 3418 936 3464 de
968 3419 1323 3466 handschriften
1356 3429 1475 3475 geen
1506 3420 1634 3466 hiaat
1664 3426 1958 3473 vertooneng
1992 3421 2061 3465 uit
2093 3425 2235 3475 caput
2266 3421 2323 3465 53
2339 3418 2454 3466 toch

330 3485 486 3520 weten
518 3480 605 3532 wij.
640 3477 720 3522 dat
753 3477 1009 3524 Scaevinus
1042 3478 1189 3524 dezen
1223 3479 1337 3525 dolk
1369 3479 1462 3524 had
1493 3489 1830 3536 weggenomen
1861 3482 1930 3524 uit
1960 3494 2049 3523 een
2080 3477 2268 3535 tempel,
2299 3477 2454 3525 welke

330 3536 467 3580 reeds
500 3536 731 3588 bestond;
766 3536 847 3581 het
878 3540 916 3582 is
947 3538 1179 3593 mogelijk‚
1212 3538 1292 3584 dat
1326 3539 1491 3584 achter
1521 3555 1581 3584 eo
1613 3540 1707 3584 loci
1738 3539 1798 3584 de
1830 3537 2006 3584 nadere
2038 3536 2323 3594 aanduiding
2361 3553 2454 3584 van

330 3593 390 3638 de
421 3594 573 3651 plaats
603 3596 788 3652 volgde.
821 3612 948 3642 waar
980 3596 1039 3641 de
1072 3601 1258 3644 nieuwe
1289 3598 1465 3655 tempe!
1495 3614 1588 3643 van
1619 3597 1756 3644 Salus
1786 3614 1885 3644 was
1916 3595 2152 3652 gebouwd
2181 3612 2243 3643 en
2289 3602 2454 3644 tevens

330 3660 425 3698 wat
459 3670 509 3699 er
541 3671 630 3701 zou
664 3655 844 3711 gedaan
877 3656 1089 3709 worden,
1123 3673 1198 3703 om
1231 3656 1323 3703 den
1355 3657 1531 3715 tempel
1562 3660 1609 3703 in
1642 3657 1943 3704 Ferentinum
1974 3660 2023 3702 te
2053 3671 2210 3704 ceren.
