2574 3912
312 167 386 220 62
947 229 958 241 ‚
1064 161 1413 221 CORNELII
1448 162 1696 221 TAcm

312 327 655 397 praevenire
694 331 937 382 conatus
969 326 1237 392 consuliS,
1258 346 1544 397 occupare
1564 326 1723 383 velut
1737 347 1933 384 arcem
1953 328 2095 393 eiuS,
2115 330 2438 399 opprimere

315 421 602 478 delectam
669 423 1043 488 iuventutem,
1113 425 1249 492 quia
1313 420 1584 478 Vestinus
1655 425 2017 479 imminentes
2075 422 2205 481 foro
2260 423 2440 481 aedes

315 516 644 587 decoraque
683 519 918 573 servitia
956 523 1015 574 et
1051 520 1178 588 pari
1215 524 1407 575 aetate
1443 517 1716 575 habebat.
1756 525 1963 575 cuncta
2001 538 2074 575 eo
2114 518 2209 576 die
2247 521 2442 577 munia

315 611 564 669 consulis
618 611 960 683 impleverat
1015 615 1459 684 conviviumque
1499 613 1850 680 celebrabat,
1890 612 2027 671 nihil
2063 621 2328 672 metuens
2367 636 2442 673 an

270 722 294 755 ⁵
317 707 729 764 dissimulando
785 714 960 774 metu,
1019 728 1148 765 cum
1205 711 1446 780 ingressi
1482 710 1690 766 milites
1729 713 1929 769 vocari
1967 730 2100 766 eum
2138 730 2175 767 a
2208 708 2441 768 tribuno

317 802 550 860 dixere:
590 802 683 860 ille
721 802 859 860 nihil
898 803 1228 861 demoratus
1267 808 1520 875 exsurgit
1558 811 1617 862 et
1635 809 1827 863 omnia
1846 806 2013 862 simul
2031 813 2438 878 properantur:

315 899 597 957 clauditur
652 898 933 966 cubiculo,
991 907 1227 971 praesto
1286 906 1376 957 est
1430 900 1706 966 medicuS,
1768 901 2182 959 abscinduntur
2235 922 2440 963 venae.

315 998 516 1066 vigens
555 995 742 1053 adhuc
779 995 991 1053 balneo
1029 996 1288 1062 infertur,
1330 996 1519 1053 calida
1556 1017 1710 1068 aqua
1747 1006 2046 1065 mersatur,
2085 997 2244 1055 nulla
2287 997 2444 1056 edita

317 1111 481 1157 voce,
541 1112 655 1163 qua
711 1099 898 1149 semet
952 1095 1339 1150 miseraretur.
1387 1093 1724 1150 circumdati
1759 1097 1987 1151 interim
2026 1093 2306 1161 custodia,
2346 1097 2445 1165 qui

254 1211 297 1244 10
319 1187 484 1245 simul
522 1187 946 1255 discubuerant,
984 1209 1094 1245 nec
1126 1191 1236 1245 nisi
1255 1195 1537 1259 provecta
1554 1195 1728 1246 nocte
1750 1193 1948 1247 omissi
1967 1197 2115 1256 sunt,
2135 1196 2444 1262 postquam

317 1305 597 1355 pavorem
651 1305 866 1351 eorum,
906 1306 976 1342 ex
1018 1304 1221 1341 mensa
1260 1287 1495 1341 exitium
1531 1288 1967 1356 opperientium,
2009 1293 2068 1342 et
2101 1289 2444 1358 imaginatus

319 1387 378 1436 et
414 1380 669 1437 inridens
707 1380 861 1437 Nero
901 1383 1039 1438 satis
1079 1380 1339 1452 supplicii
1375 1381 1551 1438 luisse
1591 1384 1669 1438 ait
1694 1402 1800 1454 pro
1823 1382 2005 1453 epulis
2027 1382 2440 1440 consularibus,

477 1512 643 1570 LXX.
713 1512 899 1570 Dood
936 1532 1063 1571 van
1098 1513 1413 1582 Lucanus,
1452 1513 1741 1582 Senecio,
1783 1513 2165 1580 Quintianus
2203 1533 2288 1572 en

1202 1609 1573 1667 Scaevinus,
1646 1609 1649 1615 ’

368 1718 554 1776 LXX.
628 1719 793 1776 Exim
847 1719 1078 1777 Annaei
1132 1719 1347 1777 Lucani
1404 1721 1646 1778 caedem
1698 1724 1959 1792 imperat.
2018 1725 2067 1779 is
2119 1721 2446 1793 profluente

320 1818 594 1888 sanguine
633 1816 733 1872 ubi
767 1816 1080 1888 frigescere
1117 1816 1302 1887 pedes
1341 1837 1661 1888 manusque
1701 1825 1759 1874 et
1785 1817 2061 1889 paulatim
2080 1817 2156 1875 ab
2175 1820 2447 1875 extremis

321 1912 532 1969 cedere
571 1915 828 1983 spiritum
847 1912 1073 1969 fervido
1095 1911 1281 1969 adhuc
1303 1920 1360 1969 et
1381 1921 1650 1984 compote
1672 1917 1878 1970 mentis
1898 1921 2136 1985 pectore
2155 1913 2445 1986 intellegit,

257 2032 300 2065 15
321 2007 660 2064 recordatus
701 2028 934 2065 carmen
973 2029 1008 2065 a
1046 2029 1110 2064 se
1152 2012 1548 2079 compositum,
1573 2030 1687 2080 quo
1708 2010 2073 2067 volneratum
2090 2009 2325 2067 militem
2343 2029 2448 2082 per

413 2137 451 2179 1.
484 2132 608 2178 velut
637 2149 806 2187 arcem,
839 2133 970 2179 velut
1001 2140 1126 2179 staat
1156 2133 1258 2179 hier
1289 2133 1356 2179 als
1388 2134 1545 2184 attrib.
1576 2141 1710 2182 vert:
1741 2138 1827 2191 ziin
1857 2135 1976 2188 huis.
2009 2152 2073 2193 op
2104 2151 2195 2181 een
2219 2135 2338 2192 burg
2367 2144 2445 2192 ge·

321 2192 512 2250 lijkend,
545 2193 604 2238 cf.
638 2191 768 2239 Suet.
801 2192 927 2239 Nero
960 2195 1045 2246 37;
1075 2192 1198 2239 door
1228 2192 1310 2239 het
1337 2193 1596 2251 volgende:
1628 2197 1928 2241 imminentes
1958 2194 2067 2241 foro
2100 2194 2260 2249 aedes,
2290 2194 2447 2241 wordt

323 2268 480 2299 arcem
510 2252 774 2298 verklaard.

410 2314 453 2357 2.
486 2309 725 2364 delectum,
757 2327 823 2357 sc.
856 2314 991 2368 quasi
1021 2311 1083 2356 ad
1113 2311 1323 2357 militiam
1354 2317 1403 2357 et
1435 2311 1496 2357 ad
1526 2312 1894 2370 oppugnandum
1923 2315 2201 2371 principem.

410 2374 452 2416 5.
472 2370 854 2423 ¹diutim-1⁴illaridm
871 2371 949 2418 hl.
987 2372 1372 2421 =2‚.dissimul·ans2
1647 2416 1650 2420 ,

410 2433 453 2475 6.
483 2435 812 2487 properantur,
843 2431 1081 2476 transitief
1110 2431 1255 2486 gebr.,
1289 2430 1348 2476 cf.
1385 2433 1455 2484 13,
1491 2433 1559 2476 17.

410 2493 453 2535 7.
484 2495 673 2546 praesto
722 2496 791 2535 est
835 2491 1058 2541 medicus,
1107 2490 1167 2535 cf.
1214 2489 1344 2536 Suet.
1376 2489 1485 2535 Ner.
1518 2492 1600 2535 37:
1632 2492 1751 2535 mori
1781 2491 1919 2536 iussis
1949 2506 2048 2536 non
2079 2490 2277 2548 amplius
2307 2506 2448 2548 quam

320 2549 543 2595 horarum
574 2552 774 2607 spatium
807 2549 970 2603 dabat:
1005 2566 1061 2594 ac
1093 2566 1154 2594 ne
1187 2549 1300 2606 quid
1331 2565 1492 2595 morae
1523 2552 1847 2603 interveniret,
1894 2550 2108 2595 medicos
2146 2549 2448 2603 admovebat.

323 2611 404 2666 qui
419 2615 727 2713 dcunctantes
775 2612 1002 2655 continuo
1049 2613 1271 2654 curarent
1317 2609 1400 2663 (ita
1444 2611 1568 2655 enim
1613 2609 1879 2655 vocabatur
1924 2625 2071 2655 venas
2105 2611 2282 2663 mortis,
2301 2614 2450 2667 gratia

319 2671 415 2715 inci
452 2670 564 2723 ere).

385 2731 453 2773 10.
486 2731 663 2781 omissi,
702 2743 741 2757 Ξ
781 2727 972 2773 dimissi.

385 2790 455 2833 11.
487 2803 546 2832 ex
584 2803 623 2817 =
660 2803 735 2832 na.

385 2850 453 2892 11.
485 2849 766 2902 imaginatis,
800 2845 869 2891 dit
899 2845 1202 2891 werkwoord
1234 2844 1367 2891 komt
1397 2861 1518 2891 voor
1549 2844 1631 2890 het
1663 2852 1789 2892 eerst
1820 2846 1878 2903 bij
1913 2845 2090 2893 Plinius
2121 2845 2215 2892 den
2256 2845 2448 2893 Oudere

322 2923 457 2957 voor,
498 2922 537 2935 =
574 2907 676 2951 zich
708 2909 755 2950 in
787 2910 875 2959 ziin
909 2905 1174 2961 gedachtcn
1206 2921 1294 2950 cen
1325 2905 1635 2961 voorstelling
1665 2905 1837 2951 maken
1868 2923 1976 2952 van.

384 2965 515 3011 Lxx.
553 2968 620 3010 13.
652 2965 842 3010 Annaei
871 2964 1064 3016 Lucani,
1099 2965 1158 3009 cf.
1191 2981 1232 3009 c.
1264 2966 1335 3009 49.

386 3028 454 3073 14.
488 3029 720 3076 extremis,
752 3023 812 3068 de
845 3027 1194 3069 extremiteiten
1226 3040 1316 3068 van
1349 3023 1429 3068 het
1460 3022 1675 3068 lichaam.

386 3087 455 3129 16.
487 3099 690 3136 carmen,
736 3083 813 3128 hl.
862 3083 1077 3133 gedeelte
1109 3100 1200 3128 van
1233 3099 1321 3128 een
1353 3082 1564 3138 gedicht;
1600 3081 1806 3127 bedoeld
1836 3087 1924 3139 zijn
1955 3099 2063 3128 zeer
2093 3082 2450 3140 waarschijniiik

323 3143 563 3189 Pharsalia
609 3147 650 3196 3,
696 3145 948 3195 635—646,
995 3159 1122 3187 waar
1170 3142 1231 3187 de
1278 3143 1461 3187 dichter
1505 3142 1678 3188 vertelt
1711 3142 1804 3187 hoe
1836 3158 1939 3195 een,
1971 3146 2018 3188 in
2051 3142 2145 3189 den
2173 3142 2358 3200 zeeslag
2387 3141 2447 3199 bij

324 3202 533 3248 Massilia
564 3202 811 3259 gewonde,
845 3201 1165 3254 doodbloedt;
1201 3202 1259 3246 de
1293 3200 1528 3246 bedoelde
1560 3203 1819 3257 versregels
1850 3201 2011 3247 luiden
2041 3203 2110 3247 als
2141 3202 2296 3258 volgt:

739 3261 912 3306 Ferrea
944 3262 1053 3306 dum
1084 3264 1230 3319 puppi
1263 3261 1456 3318 rapidos
1486 3277 1652 3306 manus
1683 3264 1847 3305 inserit
1876 3276 2025 3307 uncos

738 3321 922 3366 Adfixit
952 3320 1171 3376 Lycidan.
1203 3319 1387 3366 Mersus
1417 3319 1544 3365 foret
1574 3320 1650 3365 ille
1681 3320 1946 3377 profundo;
1984 3335 1992 3342 ‘

739 3379 834 3425 Sed
865 3380 1120 3436 prohibent
1150 3383 1268 3424 socii
1301 3395 1624 3436 suspensaque
1658 3395 1794 3425 crura
1824 3384 2078 3424 retentant.

739 3439 979 3484 Scinditur
1010 3439 1211 3489 avulsus,
1244 3455 1331 3483 nec
1365 3442 1487 3483 sicut
1520 3441 1712 3484 vulnere
1744 3440 1932 3495 sanguis

740 3498 939 3543 Emicuit
971 3499 1154 3544 lentus:
1187 3502 1338 3555 ruptis
1371 3498 1498 3542 cadit
1529 3498 1737 3554 undique
1771 3500 1918 3551 venis,

739 3558 1083 3614 Discursusque
1116 3561 1297 3602 animae
1331 3556 1518 3602 diversa
1548 3560 1595 3602 in
1627 3557 1837 3602 membra
1866 3558 2064 3602 meantis

739 3616 1035 3672 Interceptus
1067 3620 1213 3672 aquis,
1245 3616 1423 3662 Nullius
1455 3619 1552 3661 vita
1581 3620 1814 3673 perempti
