2574 3912
573 231 677 288 AB
716 229 1057 289 EXCESSU
1095 231 1247 289 DIVI
1282 231 1613 289 AUGUSTI
1649 232 1766 289 XV.
2158 238 2228 290 53

112 402 171 452 et
209 397 401 452 vincta
435 394 666 466 'agmina
702 394 850 450 trahi
889 414 956 472 ac
995 393 1216 450 foribus
1253 393 1551 451 hortorum
1591 394 1875 461 adiacere,
1918 402 2106 465 atque
2130 394 2229 450 ubi

112 489 416 548 dicendam
454 489 530 546 ad
565 509 797 546 causam
833 492 1179 555 introissent,
1220 496 1441 579 tanturn
1479 489 1664 546 latens
1705 502 1840 561 erga
1879 493 2232 554 coniuratOS,

112 585 219 643 sed
267 584 533 642 fortuitus
575 604 766 640 sermo
805 592 862 640 et
902 583 1076 641 subiti
1115 569 1409 650 occursus,
1445 572 1493 640 si
1533 588 1875 651 convivium,
1914 588 1962 642 si
1999 591 2226 656 specta-

110 681 300 739 culum
336 680 501 738 simul
537 683 792 745 inissent,
833 700 940 750 pro
979 683 1212 736 crimine
1252 683 1447 751 accipi,
1489 701 1619 736 curn
1658 701 1831 752 super
1869 680 2114 737 Neronis
2159 701 2227 736 ac

109 776 367 848 Tigellini
401 795 606 833 saevas
645 779 1150 846 percunctationes
1185 775 1432 832 Faenius
1473 796 1704 847 quoque
1742 775 1923 833 Rufus
1946 776 2228 832 violenter
2250 791 2271 824 5

108 878 392 944 urgueret,
431 871 687 927 nondum
727 870 799 927 ab
838 871 1120 927 indicibus
1159 874 1504 937 nominatuS,
1546 878 1604 927 et
1643 871 1950 942 quotidem
1969 875 2225 928 inscitiae

107 974 354 1039 pararet,
412 973 580 1023 atrox
636 966 914 1022 adversus
972 970 1179 1023 socios.
1224 965 1395 1022 idern
1453 966 1660 1023 Subrio
1710 966 1887 1023 Flavo
1929 967 2226 1024 adsis-tenti

108 1063 514 1133 adnuentique,
572 1083 645 1118 an
701 1065 850 1118 inter
905 1064 1090 1133 ipsam
1142 1065 1524 1132 cognitionem
1564 1061 1941 1133 destringeret
1978 1062 2225 1133 gladium

107 1158 462 1228 caedemque
499 1163 768 1228 patraret,
806 1160 996 1214 renuit
1033 1158 1377 1229 infregitque
1416 1159 1690 1228 impetum
1727 1160 1840 1214 iam
1878 1177 2108 1213 manum
2149 1156 2278 1250 ad
2290 1175 2294 1185 ··

107 1253 371 1324 capulum
407 1253 726 1309 referentis.
2248 1263 2289 1295 10

804 1390 955 1449 LIX.
1032 1393 1235 1450 Piso’s
1273 1384 1459 1451 dood.

175 1524 309 1581 LIX.
383 1525 583 1590 Fuere,
645 1527 741 1595 qui
777 1525 1007 1596 prodIta
1045 1528 1458 1591 coniuratione,
1501 1525 1636 1581 dum
1676 1524 1902 1581 auditur
1939 1524 2220 1590 Milichus,

106 1621 242 1678 dum
298 1621 522 1677 dubitat
580 1619 911 1687 Scaevinus,
951 1621 1318 1686 hortarentur
1355 1621 1621 1677 Pisonem
1658 1633 1897 1691 pergere
1936 1624 1996 1676 in
2033 1627 2222 1676 castra

106 1723 205 1773 aut
259 1724 448 1773 rostra
505 1716 822 1773 escendere
882 1716 1187 1787 studiaque
1226 1715 1473 1797 militum¹
1503 1724 1562 1773 et
1598 1716 1796 1787 populi
1832 1724 2132 1786 temptare.
2174 1719 2221 1772 si

103 1811 403 1869 conatibus
461 1816 584 1868 eius
640 1815 852 1868 conscii
891 1819 1351 1886 aggregarentur,
1392 1818 1691 1868 secuturos
1731 1815 1902 1868 etiam
1940 1815 2216 1882 integros;

102 1919 481 1978 magnamque
521 1914 712 1964 motae
751 1910 836 1963 rei
874 1907 1101 1974 famam,
1142 1928 1291 1978 quae
1330 1907 1631 1978 plurimum
1667 1910 1725 1962 in
1764 1911 1931 1963 novis
1971 1906 2217 1963 consiliis
2244 1924 2284 1958 15

102 2003 340 2059 valeret.
380 2002 516 2059 nihil
552 2003 858 2059 adversum
893 2004 1037 2059 haec
1076 2003 1292 2059 Neroni
1324 2007 1632 2073 provisum.
1669 2006 1840 2060 etiam
1863 2004 2043 2059 fortes
2064 2006 2216 2059 viros

102 2097 302 2154 subitis
341 2102 562 2164 terreri,
602 2099 816 2155 nedum
853 2098 945 2155 ille
985 2102 1300 2164 scaenicuS,
1340 2097 1614 2169 Tigellino
1653 2098 1867 2155 scilicet
1892 2119 2019 2154 cum
2037 2099 2216 2168 paeli-

100 2193 260 2250 cibus
283 2197 400 2250 suis
420 2198 746 2260 comitante,
769 2215 927 2251 arma
947 2200 1148 2251 contra
1170 2199 1362 2251 cieret.
1385 2195 1562 2251 multa
1581 2194 1935 2265 experiendo
1957 2194 2214 2258 confieri,

100 2308 249 2359 quae
290 2290 558 2361 segnibus
597 2289 778 2346 ardua
815 2268 1384 2347 videanturs'frustra
1423 2290 1707 2355 silentium
1744 2297 1804 2346 et
1841 2290 2018 2346 fidem
2053 2293 2112 2346 in
2130 2297 2217 2346 tot

102 2389 460 2441 consciorum
499 2389 698 2441 animis
738 2392 796 2441 et
835 2386 1173 2456 corporibus
1214 2405 1478 2456 sperare:
1520 2389 1796 2442 cruciatui
1835 2392 1933 2467 aut
1952 2388 2208 2455 praemio
2232 2407 2277 2440 ιο

102 2487 309 2537 cuncta
322 2466 521 2551 pervia
544 2502 689 2537 esse.
711 2488 1004 2547 venturos,
1027 2485 1122 2551 qui
1144 2485 1582 2552 ipsumquoque
1603 2484 1898 2546 vincirent,
1919 2487 2212 2551 postremo

101 2576 340 2683 indigna
362 2597 506 2632 nece
548 2576 863 2633 afficerent.
894 2584 1108 2647 quanto
1130 2577 1469 2634 laudabilius
1488 2580 1816 2648 periturum,
1842 2576 1978 2632 dum
1999 2576 2212 2647 ample-

193 2732 231 2774 1.
262 2728 512 2783 hortorum,
544 2730 771 2776 waarsch.
802 2735 889 2787 zijn
922 2730 982 2776 de
1013 2731 1139 2776 horti
1170 2730 1416 2777 Serviliani
1445 2730 1666 2783 bedoeld,
1699 2731 1776 2783 [cf.
1809 2746 1849 2775 c
1882 2731 1970 2784 55).

190 2790 232 2831 2.
265 2786 445 2833 Ῑαίρηε.
495 2805 690 2842 ηεενηιο
724 2790 783 2835 ct'.
817 2790 956 2835 Ovid.
987 2790 1110 2835 Fast.
1143 2794 1183 2839 2.
1216 2793 1330 2835 705:
1363 2790 1587 2835 mandata-
1615 2790 1822 2834 latentia.

190 2849 230 2890 7.
263 2845 434 2892 Subrio
466 2847 629 2901 Flavo,
663 2849 722 2894 cf.
756 2865 794 2894 c.
828 2850 913 2902 49:
947 2849 1014 2894 als
1045 2849 1256 2894 tribunus
1286 2852 1553 2906 praetoriae
1586 2849 1812 2895 cohortis
1825 2865 1922 2893 was
1955 2848 2012 2903 hij
2047 2855 2208 2903 tegen-

100 2905 484 3009 Ἄωςέᾶιὶιέάηιιρηίί
520 2981 559 2994 =
597 2971 715 3011 nutu
746 2969 1004 3023 quaerenti.

159 3022 273 3068 LIX.
306 3026 375 3068 12.
406 3029 577 3076 castra,
609 3041 673 3069 sc.
702 3029 955 3081 praetoria.

162 3084 230 3126 13.
262 3082 451 3135 studius
435 3083 772 3141 denhemmg

161 3144 229 3186 14.
261 3146 479 3198 integros,
510 3145 578 3196 zij,
597 3142 672 3187 die
689 3159 777 3188 aan
793 3143 852 3188 de
869 3145 1231 3198 samenzwering
1247 3151 1365 3199 geen
1383 3142 1705 3188 deelhadden.
1736 3145 1803 3188 15.
1822 3153 2037 3198 magnam
2055 3144 2207 3185 motae

99 3203 170 3245 rei
197 3200 372 3245 famam
402 3227 460 3234 —-
490 3202 648 3246 indien
678 3218 766 3246 een
796 3203 928 3247 werk
958 3203 1170 3247 eenmaal
1199 3206 1247 3246 in
1279 3202 1520 3258 beweging
1549 3218 1647 3247 was
1679 3208 1824 3258 gezet,
1842 3201 1972 3246 werd
1988 3200 2069 3244 het
2086 3199 2207 3244 door

104 3258 136 3303 ’t
166 3259 361 3315 gerucht
392 3259 459 3304 als
491 3266 629 3315 groot
659 3261 970 3316 voorgesteld.

160 3320 228 3362 15.
260 3321 306 3364 in
338 3322 474 3364 novis
504 3317 726 3372 consiliis,
758 3319 816 3376 bij
848 3321 1069 3376 plannen,
1102 3319 1255 3365 welke
1287 3335 1376 3364 een
1408 3319 1738 3375 omwenteling
1768 3319 1997 3374 beoogen.

161 3380 228 3422 17.
260 3381 518 3430 scaenicuS,
552 3377 794 3423 Juvenalis
824 3380 984 3431 &198
1012 3385 1176 3424 noemt
1204 3379 1359 3423 Nero:
1394 3378 1715 3424 citharoedum
1746 3381 2018 3435 principem

160 3438 228 3480 18.
261 3435 466 3490 confieri,
497 3440 526 3481 i.
544 3454 588 3494 p.
607 3454 650 3481 v.
683 3436 870 3488 confici,
901 3437 1036 3483 komt
1066 3453 1302 3483 eveneens
1331 3454 1452 3482 voor
1482 3436 1540 3493 bij
1576 3436 1748 3482 Caesar
1779 3438 1832 3482 B.
1866 3436 1922 3482 G.
1956 3440 1997 3486 7.
2030 3436 2100 3479 58.
2133 3438 2174 3478 2.

157 3497 228 3539 20.
262 3498 442 3549 animis,
475 3496 594 3540 slaat
626 3513 687 3552 op
718 3495 799 3540 het
829 3495 1085 3552 volgende:
1118 3498 1354 3554 praemio:
1371 3496 1649 3552 corporibus
1665 3511 1872 3552 sperare,
1891 3512 1955 3540 sc.
1974 3494 2202 3546 Pisonem,

100 3569 162 3610 op
191 3553 273 3599 het
303 3555 563 3611 volgende:
595 3556 834 3600 cruciatui.

157 3614 227 3657 22.
259 3613 389 3658 ‹Ium-
414 3612 759 3669 amplectitur..
778 3616 1006 3667 ‚invocat,
1053 3631 1175 3660 voor
1222 3613 1314 3659 den
1353 3614 1494 3659 indic.
1525 3617 1573 3659 in
1605 3613 1664 3658 de
1697 3619 1813 3658 orat.
1847 3613 2038 3670 obliqua
2070 3611 2127 3655 cf.
2160 3613 2202 3662 2,

46 3703 50 3709 .
98 3671 184 3715 81:
217 3671 326 3716 dum
358 3671 532 3718 Caesar
565 3673 833 3718 consulitur.
