2574 3912
315 163 388 217 54
1061 158 1410 218 CORNELII
1445 160 1692 220 TACITI

315 324 483 380 ctitur
521 342 643 378 rem
682 320 984 393 publicam,
1025 320 1161 379 dum
1200 323 1411 381 auxilia
1447 323 1698 381 libertati
1733 325 1998 382 invocat!
2039 325 2200 384 miles
2243 329 2438 398 potius

315 417 550 475 deesset
604 422 663 473 et
695 416 898 487 plebes
936 417 1250 485 desereret,
1291 418 1429 476 dum
1465 422 1589 490 ipse
1628 420 1958 486 maioribuS,
1998 419 2134 477 dum
2170 425 2436 493 posteris,

315 516 364 569 si
396 515 515 570 vita
545 516 990 584 praeriperetur,
1020 519 1267 570 mortem
1282 489 1946 612 kqprobmetgfaeiinmotus
1964 515 2130 600 his7et
2147 516 2439 588 paululum

314 613 373 666 in
408 608 639 680 publico
659 615 938 675 versatuS,
959 615 1094 680 post
1115 609 1269 666 dorni
1289 617 1550 668 secretus
1571 614 1818 668 animum
1841 611 2149 670 adversum
2169 633 2440 684 suprema

270 720 291 752 ⁵
314 704 597 770 firmabat,
639 704 828 761 donec
866 725 1068 763 manus
1107 705 1345 763 militum
1384 706 1702 773 adveniret,
1740 727 1887 778 quos
1926 707 2081 765 Nero
2102 711 2319 766 tirones
2339 716 2440 767 aut

314 800 614 872 stipendiis
653 806 918 864 recentes
957 799 1276 873 delegerat:
1298 822 1433 859 nam
1452 809 1621 859 vetus
1641 802 1803 860 miles
1823 802 2130 861 timebatur
2147 810 2440 876 tamquam

314 896 516 953 favore
569 896 817 956 inbutus.
876 895 1018 954 obiit
1077 896 1334 968 abruptis
1390 896 1754 958 brachiorum
1810 903 1990 956 veniS.
2031 906 2440 958 testamentum

313 991 502 1050 foedis
543 992 824 1050 adversus
861 991 1152 1050 Neronem
1190 992 1615 1052 adulationibus
1651 999 1832 1052 amori
1850 999 2046 1052 uxoris
2068 995 2244 1062 dedit,
2267 1016 2440 1068 quam

315 1087 661 1160 degenerem
700 1095 759 1145 et
778 1088 904 1145 sola
923 1092 1179 1159 corporis
1200 1088 1386 1147 forma
1407 1089 1867 1148 commendatam
1889 1094 2055 1148 amici
2076 1094 2438 1149 matrimonio

252 1207 293 1239 ιο
315 1183 646 1241 abstulerat.
700 1205 914 1241 nomen
971 1184 1190 1241 mulieri
1241 1183 1432 1241 Satria
1471 1183 1654 1252 Galla,
1694 1190 1872 1257 priori
1910 1190 2114 1244 marito
2153 1177 2469 1245 Domitius!

314 1278 493 1337 Silus:
533 1279 622 1335 hic
660 1283 955 1350 patientia,
994 1280 1091 1337 illa
1110 1280 1446 1351 inpudicitia
1464 1279 1687 1339 Pisonis
1706 1281 1998 1339 infamiam
2016 1295 2437 1355 propagavere.

685 1426 809 1484 Lx.
884 1426 1072 1486 Dood
1108 1447 1237 1485 van
1274 1427 1629 1485 Lateranus
1667 1447 1750 1487 en
1787 1426 2053 1486 Seneca.

322 1584 324 1586 ’
384 1581 495 1637 LX.
565 1581 887 1639 Proximam
925 1603 1130 1639 necem
1165 1581 1370 1640 Plautii
1407 1582 1679 1640 Laterani
1710 1584 1962 1640 consulis
1986 1584 2266 1656 designati
2284 1584 2440 1642 Nero

316 1677 586 1750 adiungit,
626 1678 779 1741 adeo
817 1671 1081 1749 propere,
1122 1686 1186 1736 ut
1223 1700 1342 1735 non
1381 1679 1686 1750 complecti
1712 1679 1942 1746 liberos,
1963 1701 2083 1737 non
2102 1679 2241 1739 illud
2259 1680 2441 1738 breve

314 1758 511 1832 mortis
567 1774 862 1839 arbitrium
911 1778 1286 1846 permitteret.
1339 1782 1536 1846 raptus
1574 1779 1635 1832 in
1671 1775 1863 1833 locum
1898 1775 2198 1833 servilibus
2236 1780 2442 1848 poenis

251 1889 292 1922 ιε
314 1874 632 1942 sepositum
668 1891 843 1927 manu
882 1870 1049 1928 Statii
1071 1870 1285 1928 tribuni
1308 1871 1643 1936 trucidatur,
1665 1872 1870 1944 plenus
1893 1875 2211 1930 constantis
2231 1872 2442 1929 silentii

314 1987 424 2023 nec
461 1966 694 2023 tribuno
734 1967 992 2024 obiciens
1034 1966 1280 2024 eandem
1320 1971 1751 2025 conscientiam.
2307 2031 2311 2034 ⁴

365 2047 660 2134 *Sequitur
699 2063 912 2120 caedes
949 2062 1181 2125 Annaei
1218 2063 1498 2130 Senecae,
1538 2064 1852 2121 laetissima
1887 2067 2146 2136 principi,
2167 2084 2286 2121 non
2306 2068 2443 2135 quia

408 2265 447 2308 1.
477 2260 612 2309 miles
639 2265 824 2319 potius.
844 2294 882 2307 ..
902 2260 1139 2308 desereret
1174 2278 1213 2292 =
1251 2262 1417 2308 melius
1448 2279 1553 2308 esse
1586 2263 1740 2309 deseri
1771 2280 1800 2309 a
1829 2262 1974 2309 milite
2007 2279 2063 2309 ac
2092 2262 2248 2321 plebe.

404 2325 447 2371 3.
476 2324 837 2378 praeriperetur,
868 2337 933 2367 sc.
966 2338 1107 2380 quam
1136 2325 1380 2382 inceptum
1411 2328 1738 2381 exequeretur.
1771 2327 1964 2368 mortem
1991 2320 2296 2379 adprobaret,
2313 2328 2438 2368 vert:

315 2387 413 2427 met
441 2385 530 2437 zijn
562 2380 693 2426 dood
723 2380 1026 2437 bevredigde.

404 2443 447 2485 6.
477 2440 727 2497 stipendiis
757 2446 979 2494 recentes,
1013 2441 1072 2487 cf.
1108 2443 1147 2494 1,
1183 2443 1264 2486 41:
1295 2457 1462 2487 recens
1494 2441 1660 2487 dolore
1693 2447 1742 2487 et
1772 2444 1855 2487 ira.

405 2503 446 2545 Ἰ.
480 2499 661 2554 favore,
691 2503 740 2546 in
770 2499 1004 2546 Pisonem.

404 2562 446 2604 8.
479 2559 636 2605 foedis
654 2593 663 2603 .
681 2593 691 2604 .
710 2593 720 2604 .
740 2558 1108 2613 adulationibus,
1143 2558 1234 2605 abl.
1266 2559 1406 2617 qual..
1437 2559 1495 2617 bij
1531 2564 1878 2614 testamentum,
1910 2564 2057 2605 verb:
2089 2558 2170 2604 vol
2199 2574 2294 2605 van
2312 2592 2322 2603 .
2341 2590 2382 2604 ..

404 2622 446 2665 9.
478 2618 584 2664 sola
633 2622 844 2676 corporis
890 2619 1043 2664 forma
1092 2618 1480 2673 commendatam,
1525 2620 1582 2664 cf.
1615 2618 1725 2665 Sall.
1757 2618 1860 2664 Cat.
1895 2621 1964 2672 15,
1996 2621 2053 2664 2:
2088 2620 2222 2664 cuius
2251 2625 2443 2676 praeter

316 2679 515 2725 formam
545 2678 659 2723 nihil
689 2695 909 2735 umquam
939 2679 1094 2725 bonus
1124 2677 1352 2724 laudavit.

375 2740 444 2783 11.
475 2738 551 2782 hic
579 2741 817 2793 patientia,
850 2737 965 2783 daar
995 2738 1052 2795 hij
1086 2737 1205 2783 haar
1236 2754 1326 2783 aan
1357 2737 1466 2783 Piso
1500 2737 1714 2790 overliet,
1746 2737 1925 2783 zonder
1942 2736 2024 2783 dat
2039 2735 2098 2792 hij
2115 2735 2230 2783 haar
2245 2736 2441 2794 volgens

319 2797 379 2843 de
409 2798 486 2844 lex
517 2797 645 2842 Julia
677 2797 735 2842 de
769 2796 1012 2843 adulteriis
1044 2797 1349 2853 aanklaagde.

375 2856 467 2903 LX.
502 2859 571 2901 12.
601 2855 776 2901 Plautii
804 2856 1040 2909 Laterani,
1073 2857 1133 2902 cf.
1167 2873 1206 2902 c.
1239 2860 1297 2901 49
1328 2872 1387 2901 en
1419 2855 1590 2902 Juven.
1627 2858 1695 2909 10.
1731 2858 1813 2901 15:
1847 2852 2158 2912 Temporibus
2175 2852 2287 2901 diris
2302 2856 2442 2912 igitur

317 2916 777 3021 '‘¹⁸1⁸3‘135AE'25‘225
795 2915 1685 3029 {riaffis‘effssffitssffifZ‘ssssffligbssss‘ssssss
1715 2915 1865 3020 {2332
1890 2914 2277 3027 ἷὲζᾶαέῗῗὲἑῗιι,
2290 2971 2440 3019 dm...

318 3036 395 3139 gie
418 3034 964 3139 1litortekoogenblikken,
997 3035 1073 3080 die
1104 3051 1211 3080 men
1242 3033 1525 3090 gewoonlijk
1557 3035 1617 3089 (v.
1636 3033 1680 3079 d.
1711 3034 1841 3088 illud]
1875 3032 2113 3086 toestond,
2147 3048 2224 3078 om
2239 3031 2333 3078 zelf
2347 3030 2440 3077 den

353 3111 414 3140 oo
479 3099 528 3139 te
592 3097 738 3139 iezen.

318 3212 330 3256 l
380 3157 447 3198 14.
479 3152 631 3198 locum
662 3151 972 3198 servilibus..
992 3156 1284 3209 .sepos1'tum,
1317 3152 1399 3197 het
1427 3160 1509 3207 ις.
1543 3150 1820 3205 Sessorium.
1854 3168 1916 3208 op
1949 3150 2043 3196 den
2069 3165 2261 3207 campus
2277 3148 2440 3206 Esqui-

335 3215 453 3263 inus,
486 3213 546 3257 cf.
579 3216 620 3265 2,
654 3215 725 3258 32.

381 3275 448 3316 15.
478 3274 646 3327 plenus
692 3275 949 3316 constantis
985 3270 1169 3323 silentii,
1203 3270 1263 3316 cf.
1295 3270 1525 3316 Arrianus
1556 3269 1709 3326 Epict.
1745 3272 1783 3323 1.
1819 3271 1961 3322 1,19:
2010 3273 2085 3335 ὡς
2120 3271 2441 3340 Λατὲρανός

319 3364 407 3411 τις
464 3349 515 3401 ἐν
575 3353 638 3418 τῇ
699 3348 902 3419 Ῥώμῃ,
960 3348 1276 3409 κελευσθεὶς
1316 3347 1421 3400 ὑπὸ
1458 3351 1556 3401 τοῦ
1597 3347 1856 3416 Νέρωνος
1894 3347 2435 3415 ἀποκεφαλισθῆναι.

321 3423 573 3485 ἐκτείνας
615 3424 719 3492 γὰρ
760 3425 848 3476 τὸν
894 3425 1160 3493 τράχηλον
1207 3420 1299 3475 καὶ
1339 3420 1573 3491 πληγεὶς
1617 3420 1712 3474 καὶ
1753 3421 1893 3489 πρὸς
1916 3420 2078 3488 αὐτὴν
2101 3419 2195 3486 τὴν
2218 3419 2435 3489 πληγὴν

320 3498 525 3565 ἀσθενῆ
566 3497 847 3566 γενομένην
892 3496 972 3549 ἐπ’
1018 3497 1203 3565 ὀλίγου
1247 3495 1656 3559 συνελκυσθείς,
1700 3497 1857 3549 πάλιν
1900 3494 2134 3547 ἐέτεινεν·

382 3570 449 3610 17.
483 3582 575 3610 non
606 3571 716 3622 quia
736 3600 746 3610 .
766 3600 802 3611 ..
822 3572 1125 3623 compererat,
1156 3581 1278 3612 voor
1309 3565 1402 3610 den
1432 3564 1573 3610 indic.
1605 3565 1663 3622 bij
1696 3581 1795 3611 non
1826 3566 1935 3620 quia
1967 3563 2026 3608 cf.
2063 3565 2131 3616 13,
2151 3564 2312 3608 lmen
2329 3563 2439 3619 quia

319 3627 489 3681 ingenii
520 3626 746 3670 violentia
776 3628 966 3671 exitium
997 3628 1276 3670 irritaverat.
