2574 3912
274 151 347 203 24
1025 146 1372 204 CORNELII
1407 148 1656 206 TACITI

340 307 527 365 Isdem
566 309 896 372 consulibus
934 313 1289 381 gymnasium
1316 313 1433 367 ictu
1462 310 1709 368 fulminis
1734 311 2125 384 conflagravit,
2147 313 2394 388 effigies-

275 425 387 475 que
425 408 484 461 in
522 425 596 461 eo
633 405 880 462 Neronis
920 405 997 462 ad
1030 405 1274 462 informe
1327 427 1427 463 aes
1479 407 1815 478 liquefacta;
1875 415 1934 465 et
1989 415 2150 466 motu
2205 416 2393 468 terrae

275 501 507 557 celebre
566 499 918 572 Campaniae
978 501 1253 572 oppidum
1307 501 1545 574 Pompei
1582 516 1789 575 magna
1829 525 1904 560 ex
1941 511 2106 575 parte
2144 510 2391 576 proruit;

274 595 662 667 defunctaque
715 601 876 668 virgo
931 597 1179 654 Vestalis
1229 597 1439 664 Laelia,
1494 602 1552 655 in
1591 602 1748 656 cuius
1787 599 1975 656 locum
2015 599 2285 658 Cornelia
2320 622 2395 658 ex

228 707 249 739 ⁵
273 692 484 760 familia
523 691 834 750 Cossorum
873 700 1044 764 capta
1083 700 1188 750 est.
1263 765 1266 768 Α

812 840 938 898 Het
975 843 1112 914 iaar
1147 844 1221 898 63
1257 861 1318 898 n.
1361 841 1429 898 C.
1469 840 1546 913 (c.
1584 841 1848 914 23—33).

431 920 651 1016 XXIII.
720 959 1220 1032 Buitengewone
1260 959 1544 1032 vreugde
1582 980 1710 1017 van
1747 961 1917 1018 Nero
1957 979 2112 1019 over
2149 959 2232 1019 de

860 1062 1166 1135 geboorte
1205 1082 1332 1120 van
1369 1065 1493 1136 zijn
1531 1062 1815 1121 dochter.

339 1180 524 1237 XXIII.
547 1180 821 1238 Memmio
843 1181 1061 1252 Regulo
1085 1189 1143 1238 et
1162 1181 1431 1253 Verginio
1452 1181 1603 1238 Rufo
1626 1182 1956 1239 consulibus
1976 1188 2173 1239 natam
2192 1181 2299 1239 sibi
2319 1203 2394 1239 ex

270 1276 543 1348 Poppaea
582 1277 757 1334 filiam
794 1277 949 1334 Nero
991 1277 1142 1334 ultra
1174 1276 1416 1334 mortale
1437 1278 1706 1349 gaudium
1727 1282 1950 1349 accepit
1970 1278 2393 1349 appellavitque

270 1373 607 1445 Augustam,
649 1374 787 1430 dato
828 1380 887 1430 et
923 1373 1231 1445 Poppaeae
1253 1373 1463 1431 eodem
1484 1381 1884 1451 cognomento·
1907 1374 2069 1431 locus
2088 1377 2393 1445 puerperio

208 1491 248 1524 10
271 1470 499 1526 colonia
537 1469 774 1526 Antium
809 1470 928 1536 fuit,
967 1470 1067 1526 ubi
1104 1474 1229 1541 ipse
1269 1477 1574 1541 generatus
1613 1456 1754 1527 erat.
1781 1473 1895 1527 iam
1915 1477 2149 1527 senatus
2168 1477 2395 1539 uterum

189 1574 198 1582 '
268 1565 576 1646 Poppaeae
617 1566 1126 1623 commendaverat
1165 1566 1252 1622 dis
1291 1573 1546 1637 votaque
1584 1565 1810 1637 publice
1849 1572 2199 1637 susceperat,
2241 1585 2391 1637 quae

270 1661 638 1731 multiplicata
697 1662 1092 1733 exsolutaque.
1147 1670 1203 1719 et
1243 1662 1477 1719 additae
1517 1662 1966 1734 supplicationes
2005 1661 2394 1733 templumque

270 1758 633 1815 fecunditatis
671 1766 730 1815 et
750 1766 1043 1815 certamen
1064 1759 1139 1815 ad
1162 1758 1454 1829 exemplar
1473 1758 1751 1816 Actiacae
1764 1758 2059 1829 ¹religionis
2081 1757 2392 1824 decretum,

270 1861 449 1924 utque
486 1854 867 1911 Fortunarum
907 1855 1128 1926 effigies
1167 1875 1380 1912 aureae
1417 1857 1476 1910 in
1514 1854 1660 1911 solio
1702 1853 2014 1925 Capitolini
2050 1853 2199 1910 Iovis
2237 1852 2393 1910 loca-

206 1965 246 1998 15
270 1956 483 2016 rentur,
505 1950 786 2007 ludicrum
806 1954 1081 2016 circense,
1103 1957 1165 2007 ut
1184 1951 1356 2007 Iuliae
1378 1953 1534 2021 genti
1554 1950 1710 2021 apud
1729 1949 1996 2017 BovillaS,
2018 1953 2097 2007 ita
2118 1948 2394 2019 Claudiae

268 2045 670 2117 Domitiaeque
712 2047 867 2118 apud
905 2046 1142 2103 Antium
1182 2047 1660 2117 ederetur,2·“quae
1702 2046 1860 2102 fluxa
1902 2045 2080 2110 fuere,
2129 2051 2395 2116 quartum

301 2256 338 2349 'f
362 2248 400 2290 1.
429 2250 736 2303 gymnasium,
771 2247 840 2292 dit
870 2250 909 2292 is
941 2246 1192 2300 hetzelfde,
1226 2246 1322 2292 dat·
1338 2247 1449 2292 kort
1480 2251 1527 2291 te
1558 2262 1708 2291 voren
1740 2245 1861 2291 door
1891 2244 2018 2291 Nero
2048 2260 2150 2290 was
2178 2242 2395 2301 ingewijd

291 2321 314 2348 c
343 2338 352 2348 .
388 2308 457 2359 14,
488 2307 577 2360 47).
1785 2318 1791 2323 ·

360 2367 402 2409 2.
464 2371 591 2411 motu
621 2371 790 2419 terrae,
823 2365 1008 2412 Seneca
1039 2365 1234 2421 Quaest.
1281 2365 1386 2410 Nat.
1419 2366 1488 2418 6,1
1539 2364 1704 2409 echter
1749 2363 1981 2409 vermeldt
2024 2362 2107 2407 het
2143 2360 2394 2418 volgende.

271 2424 422 2470 onder
466 2424 548 2470 het
579 2428 677 2480 jaar
708 2428 794 2471 63:
827 2425 1094 2482 Pompeios,
1136 2424 1371 2470 celebrem
1404 2424 1690 2481 Campaniae
1721 2423 1900 2476 urbem,
1934 2421 2206 2468 consedisse
2238 2428 2394 2467 terrae

269 2489 400 2528 motu
432 2485 705 2530 audivimus.
736 2484 885 2530 Nonis
913 2484 1180 2530 Februariis
1211 2484 1287 2529 hic
1319 2485 1407 2530 fuit
1437 2490 1592 2529 motus
1623 2483 1803 2539 Regulo
1821 2489 1869 2528 et
1886 2482 2090 2538 Virginio
2108 2478 2394 2527 consulibus.

359 2546 400 2588 4.
434 2559 492 2588 ex
539 2544 718 2589 familia
769 2543 1037 2589 Cossorum.
1088 2545 1147 2589 cf.
1196 2547 1239 2597 4,
1286 2545 1344 2588 34
1390 2560 1450 2589 en
1499 2546 1642 2597 1420.
1688 2547 1844 2599 capta,
1878 2542 1937 2586 cf.
1969 2544 2010 2595 2,
2041 2542 2241 2600 860post
2272 2555 2394 2597 quae

268 2602 448 2647 rettulit
481 2602 656 2649 Caesar
688 2604 967 2660 capiendam
1002 2606 1227 2659 virginem
1261 2634 1442 2654 .....
1443 2618 1482 2632 =
1521 2602 1703 2647 kiezen.

327 2660 483 2707 XXIII.
515 2666 558 2708 6.
601 2663 816 2720 Verginio
847 2663 991 2717 Rufo,
1018 2663 1135 2708 deze
1166 2679 1265 2708 was
1295 2663 1414 2708 later
1446 2661 1738 2707 stadhouder
1767 2676 1859 2706 van
1877 2658 2132 2705 Germania
2145 2656 2392 2716 Superior:

269 2736 331 2765 na
362 2721 421 2766 de
453 2725 776 2779 overwinning
806 2740 899 2768 van
928 2723 1113 2769 Vindex
1144 2721 1275 2767 bood
1306 2722 1388 2767 het
1419 2720 1547 2778 leger
1578 2722 1684 2766 hem
1701 2720 1761 2765 de
1776 2718 2042 2775 keizerlijke
2069 2715 2392 2774 waardigheid

270 2796 372 2832 aaa,
406 2781 530 2827 doch
562 2783 619 2838 hij
653 2799 781 2828 wees
813 2784 929 2827 deze
959 2798 1053 2827 van
1085 2781 1144 2826 de
1176 2781 1325 2835 hand;
1358 2784 1406 2826 in
1437 2783 1494 2826 97
1526 2796 1624 2825 was
1655 2780 1713 2835 hij
1747 2795 1869 2825 voor
1900 2778 1959 2823 de
1991 2779 2048 2823 3e
2074 2776 2195 2822 maal
2213 2776 2393 2830 consul.

270 2839 395 2885 doch
427 2842 561 2887 stierf
590 2845 638 2887 in
669 2842 737 2887 dit
767 2842 922 2887 zelfde
953 2844 1072 2896 iaar:
1108 2841 1299 2886 Tacitus
1329 2839 1501 2896 volgde
1533 2840 1640 2885 hem
1671 2839 1739 2884 als
1772 2838 1935 2884 consul
1966 2837 2197 2883 suffectus
2228 2852 2305 2894 op.

358 2901 400 2943 8.
432 2901 709 2958 Augustam.
743 2901 857 2946 haar
887 2917 1024 2947 naam
1056 2917 1154 2946 was
1187 2899 1398 2953 Claudia,
1433 2900 1493 2945 cf.
1526 2899 1628 2944 C.1.
1648 2898 1697 2944 L.
1729 2897 1790 2945 VI
1823 2898 1954 2950 2043,
1987 2896 2040 2942 II.

357 2961 398 3003 9.
430 2960 636 3014 Antium,
667 2963 715 3006 in
747 2960 944 3013 Latium,
977 2977 1067 3006 aan
1099 2961 1158 3006 de
1190 2976 1273 3005 zee
1305 2959 1513 3016 gelegen,
1546 2964 1746 3015 tegenw.
1778 2957 1924 3003 Porto
1957 2955 2001 3001 d'
2035 2955 2188 3001 Anzo.

356 3020 398 3063 9.
432 3023 540 3073 iam,
571 3020 754 3066 verder.

329 3080 397 3122 10.
430 3085 631 3136 votaque
661 3079 847 3135 publice
878 3083 1165 3135 susceperat,
1198 3077 1389 3123 evenals
1420 3076 1542 3123 door
1574 3076 1666 3122 den
1697 3080 1876 3128 senam.
1908 3071 2192 3131 geschiedde
2209 3069 2278 3116 dit
2297 3068 2395 3116 ook

271 3135 391 3181 door
407 3139 873 3196 priesterschappem
907 3141 955 3184 in
986 3138 1067 3183 het
1098 3138 1284 3194 Corpus
1314 3136 1456 3182 Inscr.
1489 3135 1587 3181 Lat.
1620 3135 1793 3181 treiien
1822 3138 1894 3190 wij
1927 3142 2022 3189 ηοξ
2051 3147 2143 3178 een
2171 3136 2279 3176 acte
2301 3145 2393 3175 van

271 3195 329 3239 de
361 3195 547 3243 Fratres
595 3199 776 3244 arvales
823 3215 941 3244 aan:
990 3198 1056 3252 [In
1105 3195 1238 3253 Capi]
1274 3197 1390 3241 tolio
1422 3201 1538 3241 vota
1568 3194 1736 3248 soluta,
1769 3209 1891 3252 quae
1924 3207 2123 3248 suscepe
2155 3188 2392 3246 [rant-pr]

272 3270 299 3298 o
331 3263 469 3311 partu
502 3264 549 3302 et
581 3259 906 3304 incolumitate
938 3257 1191 3314 Poppaeae
1224 3255 1513 3311 {Augustael.
1548 3254 1598 3299 C.
1632 3254 1664 3299 1.
1696 3254 1745 3299 L.
1778 3253 1839 3299 VI
1869 3254 2001 3304 2043.
2033 3250 2066 3296 I.
2272 3308 2282 3320 ·

335 3317 400 3359 12.
434 3317 499 3361 ad
543 3317 783 3374 exemplar
830 3317 1056 3361 Actiacae
1103 3315 1344 3371 religionis
1388 3341 1447 3348 -
1492 3330 1612 3359 even
1657 3312 1797 3369 heilig
1843 3311 1911 3357 als
1953 3310 2030 3356 die
2070 3307 2129 3365 bij
2172 3305 2391 3359 Actmxm

270 3372 510 3430 Augustus
555 3377 649 3421 had
694 3380 741 3422 in
787 3376 1049 3431 Nikopolis,
1098 3377 1373 3431 {tegenover
1418 3373 1612 3419 Actium
1658 3371 1882 3429 gelegen),
1930 3374 2001 3415 ter
2046 3382 2155 3413 eere
2200 3380 2292 3412 van
2333 3364 2393 3411 de

269 3437 592 3490 everwinning
653 3435 865 3491 gesticht,
912 3435 1081 3491 heilige
1127 3434 1291 3491 spelen
1336 3432 1581 3488 ingesteld,
1627 3431 1780 3476 welke
1813 3446 1890 3476 om
1921 3428 1981 3474 de
2014 3430 2042 3472 5
2073 3429 2171 3483 iaar
2199 3421 2394 3471 werden

270 3492 534 3547 gehouden.
564 3494 891 3547 Fortunarum.
923 3511 988 3540 sc.
1021 3493 1259 3539 secundae
1291 3498 1339 3537 et
1370 3492 1614 3537 adversae.
1652 3490 1807 3535 welke
1837 3491 1885 3534 in
1902 3488 2097 3533 Antium
2113 3500 2203 3531 een
2218 3483 2394 3589 tempel

268 3552 471 3605 hadden.
489 3553 648 3599 aldaar
665 3554 857 3599 werden
875 3560 1040 3599 tevens
1057 3551 1460 3609 orakelspreuken
1478 3559 1699 3608 gegevem
1715 3548 1860 3606 apud,
1876 3550 1938 3593 in.
1954 3544 2184 3598 Bovillas.
2201 3546 2312 3601 31:115
2333 3559 2394 3616 en

273 3628 360 3656 van
374 3612 534 3666 Rome,
553 3630 641 3658 aan
661 3613 719 3659 de
737 3616 813 3658 via
830 3613 989 3670 Appia
1007 3612 1221 3668 gelegem
1242 3611 1344 3656 hier
1366 3610 1556 3655 bevond
1573 3609 1676 3654 zich
1692 3625 1781 3654 een
1798 3605 2020 3653 sacellum
2038 3604 2122 3650 der
2138 3612 2251 3660 gens
2265 3601 2392 3648 Iulia.
