2574 3912
239 147 312 202 40
988 142 1338 203 CORNELII
1372 143 1621 203 TACITI

238 309 298 364 in
333 303 624 377 publicum
660 304 885 372 flueret,
925 305 1217 372 custodeS,
1257 312 1318 363 et
1355 305 1615 364 subsidia
1650 307 2029 379 reprimendis
2065 307 2290 380 ignibus
2307 311 2369 367 in

238 402 547 473 propatulo
615 404 859 472 quisque
926 401 1199 467 haberet;
1267 423 1378 461 nec
1433 406 1835 461 communione
1899 406 2204 475 parietum,
2258 402 2370 466 sed

237 500 485 570 propriis
503 517 771 568 quaeque
790 500 966 555 muris
987 497 1450 575 ambirentune'a
1468 519 1544 555 ex
1560 498 1804 557 utilitate
1827 505 2070 570 accepta
2093 486 2369 559 deco}em

241 613 472 665 quoque
509 613 719 673 novae·
740 593 870 651 urbi
909 593 1170 651 attulere.
1210 576 1377 651 era‘nt
1414 601 1626 661 tamen,
1667 598 1766 667 qui
1786 595 2092 653 crederent
2109 601 2369 655 veterem

196 705 218 739 ⁵
240 688 390 746 illam
447 689 691 747 formam
745 689 1068 747 salubritati
1123 693 1302 763 magis
1352 689 1718 757 conduxisse,
1758 694 2032 762 quoniam
2071 695 2367 763 angustiae

239 788 507 842 itinerum
543 792 603 843 et
640 785 886 843 altitudo
925 792 1208 843 tectorum
1245 806 1363 843 non
1399 786 1641 858 perinde
1681 787 1820 845 solis
1857 807 2076 858 vapore
2111 807 2367 858 perrum-

240 887 540 952 perentur:
584 889 644 938 at
679 902 833 939 nune
870 881 1125 953 patulam
1163 882 1525 939 latitudinem
1565 889 1625 939 et
1661 883 1816 940 nulla
1844 883 2048 940 umbra
2069 882 2370 941 defensam

242 980 505 1048 graviore
546 984 712 1034 aestu
751 977 1105 1061 ardescere..

380 1116 589 1175 XLIV.
664 1118 764 1175 De
806 1116 1187 1176 Christenen
1224 1116 1490 1176 worden
1525 1137 1654 1176 van
1692 1117 2200 1191 brandstichting

1072 1235 1530 1310 aangeklaagd.

263 1372 496 1433 XLIV
547 1375 622 1433 Et
669 1377 814 1434 haec
863 1376 1099 1447 quidem
1135 1376 1397 1434 humanis
1437 1376 1687 1434 consiliis
1723 1377 2195 1448 providebantur.
2235 1397 2372 1434 mox

180 1491 222 1524 ιο
243 1476 426 1544 petita
461 1472 551 1530 dis
587 1472 817 1544 piacula
856 1472 1112 1544 aditique
1154 1472 1406 1544 Sibyllae
1443 1472 1589 1539 libri,
1631 1494 1705 1530 ex
1743 1472 1951 1544 quibus
1991 1473 2373 1545 supplicatum

239 1568 499 1627 Volcano
522 1575 582 1625 et
601 1567 803 1625 Cereri
821 1568 1333 1640 Proserpinaeque,
1356 1590 1424 1626 ac
1441 1572 1755 1641 propitiata
1773 1568 1914 1626 Iuno
1934 1589 2040 1640 per
2058 1574 2371 1636 matronaS,

239 1668 483 1736 primum
519 1669 579 1722 in
618 1664 922 1737 Capitolio,
964 1665 1177 1722 deinde
1218 1665 1375 1737 apud
1412 1668 1737 1737 proximum
1773 1686 1951 1731 mare,
1991 1665 2148 1723 unde
2166 1664 2374 1723 hausta

241 1782 394 1832 aqua
430 1762 706 1833 templum
744 1768 805 1818 et
839 1762 1207 1819 simulacrum
1247 1762 1396 1819 deae
1415 1782 1788 1834 perspersum
1807 1767 1927 1828 est;
1950 1768 2009 1819 et
2029 1761 2375 1819 sellisternia

241 1878 309 1915 ac
343 1858 640 1930 pervigilia
679 1858 1050 1917 celebravere
1090 1858 1356 1924 feminae,
1400 1857 1608 1929 quibus
1646 1861 1833 1915 mariti
1872 1864 2054 1915 erant.
2378 1926 2381 1928 ,

177 1981 218 2014 15
316 1953 438 2011 Sed
490 1975 608 2011 non
667 1974 780 2026 ope
836 1955 1105 2022 humana,
1164 1975 1284 2012 non
1321 1954 1715 2026 largitionibus
1753 1957 2025 2025 principis
2065 1959 2165 2010 aut
2201 1952 2375 2011 deum

239 2050 616 2133 placamentis
651 2050 979 2108 decedebat
1002 2051 1254 2117 infamia,
1283 2054 1420 2122 quin
1438 2054 1654 2107 iussum
1674 2049 2003 2108 incendium
2019 2049 2373 2108 crederetur.

160 2159 167 2164 ’
193 2151 212 2156 ”’
241 2132 378 2217 ergo
418 2146 710 2203 abolendo
750 2150 967 2204 rumori
1004 2145 1167 2223 Nero
1200 2146 1457 2232 §ubdidst
1475 2167 1611 2204 reos
1635 2153 1694 2202 et
1714 2148 2148 2216 quaesitissimis
2166 2148 2374 2216 poenis

160 2259 198 2317 ’ᾳ
243 2242 456 2309 affecit,
511 2264 657 2314 quos
701 2263 816 2314 ‘per
868 2242 1081 2314 flagitia
1131 2220 1352 2309 invisos
1384 2242 1591 2325 ‘vulgus
1633 2241 1987 2300 Christianos
2027 2241 2373 2320 appellabat.

242 2346 442 2396 auctor
480 2343 725 2396 nominis
746 2343 870 2396 eius
894 2338 1156 2397 Christus
1176 2338 1407 2397 Tiberio
1428 2323 1793 2410 imperitante
1813 2358 1918 2410 per
1936 2344 2375 2409 procuratorem

176 2455 220 2488 20
241 2434 506 2492 Pontium
542 2435 782 2494 Pilatum
821 2436 1099 2508 supplicio
1141 2436 1390 2494 affectus
1427 2442 1578 2502 erat;
1607 2454 1995 2506 repressaque
2013 2437 2073 2491 in
2092 2454 2374 2505 praesens

335 2608 373 2650 1.
406 2604 641 2658 custodes,
671 2605 765 2651 afh.
798 2622 917 2651 van:
951 2605 1234 2651 destinabat.

332 2668 375 2709 2.
404 2669 728 2710 communione
758 2670 986 2722 parietum
1027 2681 1065 2695 =
1104 2664 1428 2711 communibus
1468 2663 1740 2722 parietibus.
1787 2678 1997 2720 quoeque,
2044 2679 2111 2708 sc.
2156 2660 2375 2709 aedificia.

333 2728 374 2769 3.
407 2730 603 2780 accepta
640 2740 685 2756 =
723 2730 856 2781 grata
892 2725 1044 2780 vulgo.

302 2783 454 2829 XLIV.
490 2787 558 2829 10.
591 2783 679 2837 dis.
710 2800 833 2830 voor
864 2784 923 2829 de
956 2783 1112 2840 goden
1145 2784 1239 2837 [om
1271 2783 1365 2828 hen
1395 2785 1578 2839 gunstig
1609 2787 1655 2827 te
1687 2783 1948 2836 stemmen).

306 2847 373 2887 11.
404 2843 538 2896 Iuno,
570 2843 684 2889 haar
716 2842 856 2889 beeld
887 2843 1029 2889 stond
1060 2846 1107 2888 in
1141 2842 1233 2888 den
1264 2840 1668 2900 Kapitolijnschen
1700 2841 1888 2898 tempel.

307 2904 375 2947 13.
420 2902 719 2956 sellisternia,
768 2919 883 2948 over
929 2903 1010 2948 het
1058 2903 1298 2959 algemeen
1345 2901 1553 2958 schijnen
1584 2900 1861 2946 sellisternia
1891 2916 2014 2946 voor
2045 2899 2106 2945 de
2137 2898 2378 2956 godinnen

244 2961 459 3008 bestemd
476 2968 523 3007 te
540 2965 627 3018 zijn
645 2968 866 3018 geweest.
884 2962 1048 3017 terwiil
1064 2961 1355 3007 lectisternia
1372 2960 1724 3016 hoofdzakelijk
1753 2976 1874 3006 voor
1907 2959 1965 3004 de
1998 2959 2155 3016 goden
2184 2974 2374 3011 waren;

243 3021 520 3067 sellisternia
552 3038 712 3067 waren
745 3024 909 3067 echter
942 3022 1040 3068 ook
1070 3038 1191 3067 voor
1219 3020 1406 3074 beiden,
1427 3021 1486 3066 cf.
1504 3020 1605 3065 Val.
1622 3019 1745 3065 Max.
1763 3023 1804 3073 2,
1822 3022 1903 3065 42:
1925 3019 2127 3065 feminae
2145 3034 2251 3064 cum
2268 3019 2378 3063 viris

245 3081 526 3127 cubantibus
572 3081 793 3127 sedentes
841 3081 1133 3134 cenitabant;
1183 3096 1305 3138 quae
1353 3079 1650 3126 consuetudo
1698 3095 1756 3124 ex
1789 3080 2030 3124 hominum
2063 3079 2285 3123 convictu
2316 3075 2377 3122 ad

245 3140 403 3185 divina
433 3144 714 3199 penetravit.
746 3141 864 3186 Nam
896 3141 1020 3186 Iovis
1053 3139 1195 3197 epulo
1228 3138 1329 3196 ipse
1360 3142 1409 3184 in
1439 3138 1810 3191 lectulum,Iuno
1845 3143 1893 3184 et
1925 3138 2143 3183 Minerva
2171 3135 2377 3182 insellas

246 3199 305 3244 ad
339 3216 502 3245 cenam
533 3202 804 3246 invitantur.

307 3261 375 3303 16.
422 3263 532 3315 quin
580 3263 758 3305 iussum
791 3293 801 3304 .
836 3292 846 3303 .
880 3293 889 3303 .
938 3258 1221 3310 crederetur,
1268 3256 1328 3302 cf.
1363 3257 1596 3314 Sulpicius
1642 3260 1683 3302 2.
1716 3259 1797 3301 29:
1846 3271 2002 3314 neque
2042 3254 2139 3301 ulla
2167 3269 2219 3299 re
2249 3251 2376 3299 Nero

245 3317 499 3371 efficiebat,
548 3321 660 3375 quin
707 3319 766 3364 ab
814 3335 872 3363 eo
921 3321 1095 3364 iussum
1136 3318 1407 3363 incendium
1438 3322 1698 3373 putaretur.
1731 3316 1875 3371 Igitur
1905 3317 2047 3361 vertit
2077 3312 2299 3359 invidiam
2329 3315 2378 3357 in

245 3377 537 3423 Christianos
569 3384 800 3435 actaeque
833 3381 881 3422 in
912 3380 1131 3423 innoxios
1165 3375 1500 3422 crudelissimae
1534 3378 1824 3432 quaestiones
1844 3408 1853 3418 .
1874 3407 1883 3418 .
1904 3407 1914 3418 .

308 3439 375 3481 18.
407 3453 491 3493 per
523 3436 717 3493 flegma.
751 3438 812 3482 cf.
845 3437 1159 3482 Tertullianus
1191 3435 1397 3493 Apolog.
1430 3439 1480 3479 7:
1515 3435 1714 3481 dicimur
1745 3433 2092 3479 sceleratissimi
2124 3429 2183 3476 de
2220 3445 2376 3476 sacra-

246 3501 407 3541 mento
454 3496 733 3542 infanticidii
775 3502 823 3541 et
855 3497 1030 3554 pabulo
1063 3495 1173 3540 inde
1207 3502 1255 3539 et
1285 3500 1396 3551 post
1429 3496 1697 3540 convivium
1728 3496 1934 3545 incestm
1971 3490 2100 3549 quod
2131 3505 2378 3535 eversores

246 3554 469 3601 luminum
516 3573 671 3608 canes,
704 3557 901 3601 lenones
933 3556 1128 3603 scilicet,
1163 3554 1406 3614 tenebras..
1432 3561 1528 3598 tum
1562 3559 1608 3598 et
1640 3553 1884 3600 libidinum
1915 3552 2160 3609 impiarum
2191 3552 2377 3595 invere-

250 3614 467 3660 cundiam
500 3622 773 3672 procurent.
