2574 3912
573 144 677 202 AB
715 142 1053 201 EXCESSU
1090 143 1240 200 DIVI
1279 142 1611 200 AUGUSTI
1647 143 1764 200 XV.
2171 149 2236 201 31

126 309 458 382 spectacula
495 307 873 380 gladiatorum
909 306 1064 362 idem
1103 326 1285 361 annus
1323 305 1523 362 habuit
1560 309 1687 376 pari
1715 306 2144 377 magnificentia
2174 327 2243 362 ac

127 409 347 477 priora;
387 404 492 461 sed
526 403 864 460 feminarum
882 401 1180 457 illustrium
1201 407 1652 470 senatorumque
1673 401 1864 471 plures
1886 422 1991 471 per
2012 421 2246 457 arenam

130 501 346 559 foedati
383 506 531 556 sunt.

668 585 794 642 Het
830 586 969 655 iaar
1005 586 1079 640 64
1113 602 1175 640 n.
1215 581 1284 639 C.
1323 581 1400 653 (c.
1440 581 1704 659 33—41).

261 696 536 756 XXXIII.
605 695 774 752 Nero
812 693 1025 751 treedt
1060 695 1129 750 in
1164 692 1404 765 Napels
1444 692 1541 749 als
1580 693 2002 766 citherspeler
2038 713 2138 766 op.

198 837 431 896 XXXIII.
509 834 574 891 C.
627 834 911 890 Laecanio
968 832 1048 888 M.
1105 833 1319 889 Licinio
1381 832 1710 889 consulibus
1764 837 1984 890 acriore
2023 837 2081 890 in
2124 833 2247 890 dies
2271 853 2292 885 5

132 933 396 1005 cupidine
435 930 772 1001 adigebatur
813 929 969 985 Nero
1005 931 1358 999 promiscuas
1398 948 1639 984 scaenas
1676 928 2095 999 frequentandi,
2116 950 2249 986 nam

133 1028 319 1086 adhuc
354 1048 461 1098 per
516 1026 748 1082 domum
797 1032 895 1081 aut
932 1025 1132 1080 hortos
1172 1027 1463 1080 cecinerat
1500 1023 1862 1080 Iuvenalibus
1900 1024 2062 1090 ludis,
2104 1045 2248 1095 quos

130 1130 194 1180 ut
227 1138 433 1194 parum
469 1120 729 1178 celebres
771 1127 830 1175 et
866 1126 1063 1175 tantae
1103 1123 1234 1175 voci
1267 1125 1539 1190 angustos
1572 1119 1899 1189 spernebat.
1921 1126 2250 1176 nontamen

129 1219 346 1275 Romae
398 1221 650 1287 incipere
689 1236 861 1272 ausus
900 1215 1203 1285 Neapolim
1242 1217 1407 1285 quasi
1447 1213 1733 1271 Graecam
1771 1215 1974 1271 urbem
2010 1215 2246 1285 delegit:

130 1314 264 1371 inde
299 1315 519 1370 initium
555 1312 697 1371 iore.
738 1317 802 1367 ut
838 1318 1227 1381 transgressus
1258 1314 1317 1366 in
1346 1310 1622 1366 Achaiam
1641 1313 2006 1382 insignesque
2027 1318 2086 1367 et
2106 1315 2250 1367 anti·
2279 1327 2318 1359 ιο

131 1413 323 1480 quitus
361 1428 556 1466 sacras
596 1427 844 1464 coronas
882 1406 1128 1476 adeptus
1161 1409 1375 1462 maiore
1396 1406 1549 1462 fama
1569 1407 1757 1463 studia
1777 1410 1983 1463 civium
2005 1406 2282 1498 elicere-23,

132 1517 270 1576 ergo
308 1510 668 1561 contractum
708 1503 1130 1573 oppidanorum
1167 1501 1385 1572 volgus,
1418 1509 1477 1557 et
1498 1522 1644 1571 quos
1665 1523 1698 1557 e
1717 1503 1990 1572 pro⁴ximis
2013 1502 2250 1559 coloniis·

132 1608 191 1657 et
207 1602 524 1670 municipiis
539 1602 661 1654 eius
681 1602 766 1654 rei
787 1597 939 1653 fama
960 1600 1260 1662 acciverat,
1284 1601 1494 1667 quique
1518 1596 1830 1654 Caesarem
1848 1619 1952 1669 per
1971 1599 2252 1655 honorem

133 1704 233 1752 aut
286 1698 479 1752 varios
536 1714 673 1750 usus
732 1699 1041 1758 sectantur,
1102 1696 1276 1748 etiam
1332 1692 1569 1749 militum
1621 1694 1909 1764 manipuli,
1968 1694 2252 1750 theatrum

132 1790 642 1862 Neapolitanorum
681 1789 986 1859 complent.
988 1830 1027 1865 s.
2277 1800 2317 1832 15

628 1897 914 1955 XXXIV.
989 1898 1115 1954 Het
1151 1898 1404 1955 theater
1442 1904 1602 1984 stort
1637 1901 1720 1955 in.

203 2009 441 2067 XXXIV.
479 2009 609 2074 Illic,
649 2008 906 2079 plerique
944 2015 1007 2064 ut
1031 2009 1473 2070 arbitrabantur,
1497 2013 1685 2085 triste„
1701 2018 1764 2066 ut
1783 2014 1924 2080 ipse,
1946 2000 2253 2081 providum

220 2174 264 2220 3.
308 2187 393 2227 per
438 2186 645 2223 arenam,
693 2170 815 2216 door
859 2171 956 2216 hun
1003 2170 1235 2226 optreden
1266 2174 1315 2215 in
1347 2170 1405 2215 de
1438 2187 1594 2224 arena,
1626 2171 1686 2216 cf.
1718 2172 1807 2217 Dio
1839 2174 1999 2225 61,17:
2069 2162 2252 2230 ἄνδρες

141 2234 232 2288 καὶ
288 2238 563 2304 γυναῖκες,
625 2233 728 2304 οὐχ
789 2234 936 2296 ὅπως
994 2237 1091 2287 τοῦ
1151 2233 1375 2287 ἱππικοῦ
1433 2234 1581 2287 ἀλλὰ
1633 2233 1730 2288 καὶ
1769 2238 1864 2287 τοῦ
1905 2240 2253 2305 βουλευτικοῦ

133 2308 436 2378 ἀξιώματος
483 2308 538 2369 ἐς
577 2309 672 2377 τὴν
712 2308 1016 2377 ὀρχήστραν
1061 2306 1157 2359 καὶ
1195 2308 1246 2369 ἐς
1287 2309 1375 2360 τὸν
1420 2308 1741 2379 ἱππόδρομον
1783 2310 1844 2362 τὸ
1903 2330 1959 2362 τε
2017 2309 2252 2379 θέατρον

133 2383 194 2435 τὸ
234 2383 581 2451 κυνηγετικὸν
621 2381 896 2450 εἰσῆλθον.
929 2391 1102 2446 plures.
1134 2408 1199 2435 sc.
1231 2407 1370 2448 quam
1400 2391 1635 2448 prioribus
1666 2395 1813 2438 annis.
1845 2393 2027 2438 foedati
2052 2401 2164 2438 sunt
2193 2394 2252 2438 ef.

136 2452 233 2497 σοῖς
267 2454 336 2504 14,
371 2454 449 2497 14:
480 2457 704 2508 ratusque
735 2450 944 2496 dedecus
975 2450 1154 2504 molliri,
1187 2453 1226 2494 si
1254 2450 1413 2506 plures
1443 2451 1700 2496 foedasset.

193 2509 389 2555 XXXIII.
421 2513 462 2555 5.
498 2509 548 2555 C.
575 2509 826 2562 Laecanio,
858 2509 1118 2554 Laecanius
1150 2509 1283 2554 stierf
1317 2510 1467 2555 onder
1483 2510 1543 2555 de
1559 2514 1800 2567 regeering
1816 2510 2252 2568 van'Vespasianus.

135 2569 200 2613 M.
232 2569 422 2622 Licinio,
439 2569 554 2613 deze
571 2585 669 2614 was
687 2568 746 2614 de
761 2585 886 2614 zoon
902 2585 994 2613 van
1024 2568 1088 2613 Μ.
1121 2567 1324 2614 Licinius
1356 2568 1566 2623 CrassuS,
1598 2572 1690 2615 den
1719 2586 1844 2615 zoon
1873 2586 1965 2615 van
1982 2570 2074 2616 den
2091 2571 2254 2616 consul

135 2644 228 2672 van
258 2629 315 2672 27
345 2644 392 2673 n.
425 2628 476 2672 C.

224 2688 266 2731 6.
296 2690 603 2742 promiscuas,
636 2703 757 2743 quae
788 2692 954 2742 patent
985 2686 1201 2731 omnibus
1233 2685 1294 2731 ad
1324 2687 1647 2743 spectandum.

224 2748 266 2788 7.
296 2743 612 2798 Iuvenalibus,
644 2749 705 2790 de
734 2745 973 2791 Iuvenalia
1001 2762 1163 2790 waren
1194 2745 1316 2790 door
1345 2744 1472 2791 Nero
1504 2749 1554 2791 in
1583 2747 1665 2791 het
1689 2749 1788 2801 iaar
1804 2749 1861 2791 59
1877 2763 1922 2791 n.
1941 2746 1991 2792 C.
2009 2747 2251 2803 ingesteld,

137 2803 198 2848 cf.
232 2807 302 2857 14,
335 2806 416 2857 153
451 2804 598 2849 dezen
627 2820 789 2848 waren
820 2805 994 2850 slechts
1025 2820 1145 2850 voor
1176 2821 1265 2849 een
1295 2806 1555 2860 uitgelezen
1583 2806 1778 2862 publiek
1807 2807 2134 2863 toegankelijk.

225 2865 267 2907 8.
298 2867 454 2907 tantae
485 2866 602 2914 voci,
633 2862 696 2908 nl.
725 2865 920 2920 volgens
950 2864 1032 2909 het
1063 2863 1259 2909 oordeel
1287 2879 1380 2908 van
1409 2864 1535 2910 Nero
1562 2865 1666 2918 zelf,
1684 2864 1813 2911 Suet.
1829 2864 1955 2909 Nero
1972 2868 2043 2918 20,
2061 2865 2254 2922 spreekt

136 2935 301 2980 echter
344 2951 437 2980 van
483 2951 571 2980 een
617 2937 784 2991 exigua
828 2953 888 2982 en
919 2937 1055 2982 fusca
1084 2953 1205 2989 vox;
1241 2937 1300 2981 cf.
1332 2946 1427 2992 nog
1457 2937 1548 2983 Dio
1579 2940 1652 2991 61,
1684 2942 1765 2983 20:
1800 2925 1896 2981 καὶ
1937 2930 2111 2998 βραχὺ
2155 2927 2252 2981 καὶ
2317 2935 2319 2937 ’

133 2998 322 3068 nalem,
369 2999 438 3060 ὥς
478 3019 541 3068 γε
583 2999 972 3067 παραδέδοται,
1005 3001 1236 3069 φώνημα
1275 3001 1436 3069 ἔχων.

224 3070 268 3112 9.
297 3071 451 3124 quasi,
482 3067 609 3124 geeft
638 3068 740 3113 hier
771 3070 830 3113 de
854 3070 1124 3126 werkelijke
1139 3070 1286 3115 reden
1305 3086 1634 3122 aan‚waarom
1649 3069 1774 3116 Nero
1793 3070 1907 3116 deze
1924 3070 2031 3116 stad
2045 3071 2252 3116 uitkoos.

198 3129 267 3172 11.
297 3142 466 3172 sacras
495 3142 714 3180 coronas,
745 3128 794 3172 in
826 3128 884 3172 de
915 3130 1157 3175 nationale
1188 3129 1351 3186 speleu
1384 3129 1468 3174 der
1499 3128 1724 3183 Grieken,
1754 3131 1909 3175 welke
1940 3136 2013 3175 ter
2034 3146 2143 3175 ecre
2159 3147 2252 3176 van

137 3186 197 3231 de
228 3185 383 3242 goden
412 3185 606 3231 werden
636 3187 839 3242 gevierd.

197 3247 268 3290 11.
298 3246 452 3290 studia
484 3271 542 3278 --
572 3245 941 3301 belangstelling.
973 3249 1139 3292 civium
1171 3273 1230 3281 —-
1260 3247 1346 3292 der
1375 3246 1509 3293 Rom.
1541 3246 1748 3303 burgers.

197 3306 268 3348 12.
299 3304 651 3360 oppidanorum,
683 3304 746 3348 nl.
775 3307 843 3349 uit
873 3303 1061 3362 Napels.

138 3365 381 3466 dil-&iper
410 3363 647 3414 honorem,
678 3368 810 3407 vert:
843 3363 910 3408 als
941 3364 1248 3421 eeregeleide.
1281 3367 1440 3409 varios
1473 3380 1600 3418 usus,
1632 3370 1765 3410 vert:
1805 3371 1878 3410 tot
1908 3364 2250 3412 verschillende

188 3437 272 3467 ens
293 3437 367 3467 en.

198 3483 268 3524 14.
297 3482 486 3526 militum
522 3496 562 3510 =
599 3482 1022 3536 praetorianorum.

141 3595 171 3640 d
195 3537 395 3643 XXXIVi
426 3541 495 3584 16.
525 3542 684 3584 triste.
703 3571 741 3583 ..
757 3538 1012 3595 providum,
1043 3540 1119 3585 h.l.
1151 3540 1311 3594 subst;
1344 3540 1591 3597 providum
1631 3557 1670 3571 ε
1706 3541 2033 3598 providentiae
2066 3542 2250 3587 divinae

175 3612 375 3644 ocumen
396 3614 487 3644 um.
