2574 3912
256 177 330 233 36
1007 170 1355 233 CORNELII
1389 173 1639 235 TAcm

256 337 501 395 riebant.
520 332 853 407 “posti-emo,
890 337 1033 408 quid
1050 340 1320 405 vitarent,
1341 339 1483 410 quid
1501 346 1786 410 peterent,
1808 339 2073 413 ambigui,
2095 344 2388 415 complere

257 436 397 499 vias,
457 437 635 489 sterni
671 454 778 504 per
817 445 1015 505 agros;
1057 433 1291 505 quidam
1329 438 1551 492 amissis
1591 435 1857 492 omnibus
1896 436 2158 505 fortuniS,
2195 440 2387 499 diurni

257 549 489 600 quoque
546 533 750 593 victuS,
809 530 902 587 alii
948 533 1198 587 caritate
1245 549 1499 597 suorum,
1540 549 1687 602 quos
1727 535 1952 603 eripere
1987 537 2383 605 nequiverant,

257 628 516 697 quamvis
587 631 826 696 patente
898 625 1112 697 effugio
1181 629 1468 684 interiere.
1528 648 1638 684 nec
1706 630 2008 699 quisquam
2065 629 2383 691 defendere

211 735 233 768 ⁵
257 720 527 787 audebat,
587 721 801 779 crebris
858 721 1165 779 multorum
1221 725 1388 779 minis
1436 726 1795 795 restinguere
1844 725 2286 795 prohibentium,
2326 735 2386 787 et

256 820 389 889 quia
428 816 522 874 alii
557 814 750 888 palam
789 816 948 875 faces
984 818 1274 875 iaciebant
1305 825 1479 890 atque
1501 839 1631 876 esse
1653 819 1761 876 sibi
1782 826 2079 879 auctorem
2098 822 2411 894 vociferas

254 912 479 980 bantur,
520 917 641 971 sive
681 921 744 971 ut
780 920 979 986 raptus
1016 913 1279 971 licentius
1320 922 1676 982 exercerent,
1717 936 1822 973 seu
1860 919 2034 973 iussu.

998 1038 1281 1098 XXXIX.
1349 1039 1643 1113 Vervolg.

326 1155 568 1214 XXXIX.
638 1157 724 1215 Eo
763 1161 822 1214 in
858 1164 1121 1229 tempore
1160 1157 1317 1215 Nero
1356 1157 1517 1215 Antii
1556 1172 1732 1231 agens
1770 1181 1890 1217 non
1929 1168 2063 1218 ante
2101 1163 2383 1220 inurbem
2456 1231 2462 1240 ⁶

251 1266 547 1326 regressus
604 1261 712 1321 est,
767 1274 944 1326 quam
973 1243 1200 1311 ”domui
1254 1258 1397 1320 eiuS,
1458 1272 1572 1326 qua
1628 1244 1888 1352 Palftium
1926 1263 1986 1314 et
2022 1255 2383 1316 Maecenatis
2419 1274 2446 1343 [J

189 1373 231 1408 ιο
252 1349 451 1407 hortos
490 1354 943 1416 continuaverat,
979 1353 1127 1421 ‘ignis
1147 1354 1582 1422 propinquaret.
1611 1372 1803 1423 neque
1819 1358 2016 1410 tamen
2035 1357 2159 1411 sisti
2175 1358 2381 1426 potuit,
2395 1385 2407 1419 f

252 1450 388 1517 quin
446 1454 505 1503 et
555 1446 835 1503 Palatium
892 1453 953 1503 et
1006 1446 1211 1504 domus
1266 1453 1326 1503 et
1362 1454 1569 1504 cuncta
1606 1440 1820 1526 circum
1857 1447 2237 1507 haurirentur.
2274 1451 2383 1509 sed

251 1543 527 1600 solacium
562 1542 778 1614 populo
818 1542 1127 1600 exturbato
1166 1564 1234 1599 ac
1269 1543 1514 1615 profugo
1556 1563 1822 1615 campum
1859 1543 2064 1602 Martis
2089 1565 2158 1603 ac
2177 1564 2383 1605 monu-

250 1646 444 1696 menta
498 1638 805 1711 Agrippae,
859 1639 1062 1696 hortos
1120 1642 1255 1710 quin
1296 1642 1471 1696 etiam
1514 1659 1652 1696 suos
1688 1640 1967 1712 patefecit
2007 1634 2065 1698 et
2105 1641 2383 1701 subitaria

251 1735 516 1792 aedificia
556 1739 823 1796 extruxit,
864 1755 1015 1806 quae
1053 1735 1475 1792 multitudinem
1506 1739 1741 1807 inopem
1776 1740 2135 1807 acciperent:
2171 1738 2382 1796 subve-

187 1864 228 1898 15
250 1839 457 1903 ctaque
514 1832 780 1889 utensilia
839 1831 913 1888 ab
963 1830 1132 1889 Ostia
1171 1838 1231 1888 et
1263 1835 1602 1904 propinquis
1641 1835 1976 1905 municipiiS,
2017 1837 2381 1906 pretiumque

249 1928 517 1985 frumenti
571 1931 850 1985 minutum
906 1946 1091 1999 usque
1150 1927 1226 1985 ad
1263 1934 1460 1985 ternos
1497 1948 1781 1986 nummos,
1823 1949 1991 2000 quae,
2033 1947 2382 2002 quamquam

247 2025 567 2096 popularia,
605 2028 664 2082 in
680 2028 899 2083 irritum
918 2024 1221 2090 cadebant,
1245 2028 1377 2095 quia
1396 2031 1736 2096 pervaserat
1754 2044 1950 2082 rumor
1968 2029 2096 2097 ipso
2115 2032 2381 2098 tempore

248 2115 538 2191 flagrantis
595 2120 751 2177 urbis
811 2123 990 2177 inisse
1050 2140 1181 2178 eum
1239 2120 1618 2178 domesticam
1675 2141 1948 2178 scaenam
2001 2128 2059 2179 et
2098 2125 2380 2180 cecinisse

247 2216 555 2274 Troianum
613 2216 915 2283 excidium,
977 2220 1311 2289 praesentia
1362 2216 1515 2273 mala
1553 2220 1792 2274 vetustis
1833 2216 2090 2275 cladibus
2130 2218 2380 2276 adsimu-

182 2337 226 2370 κο
250 2314 481 2370 lantem.

338 2464 380 2506 2.
413 2460 569 2505 diurni
587 2494 596 2504 .
615 2494 625 2505 .
645 2494 655 2504 .
674 2465 835 2514 victus,
869 2476 934 2506 sc.
966 2461 1159 2507 fortuna
1192 2464 1375 2507 amissa.

337 2524 378 2565 4.
412 2520 679 2574 defendere,
711 2537 776 2566 sc.
809 2523 975 2578 ignem.

337 2583 378 2624 7.
412 2583 555 2633 iussu,
589 2597 653 2625 sc.
685 2582 1002 2626 ministrorum
1033 2579 1250 2626 Neronis.

308 2638 507 2685 XXXIX,
553 2642 595 2684 9.
642 2639 936 2684 Maecenatis
967 2638 1143 2692 hortos,
1176 2656 1239 2696 op
1273 2638 1365 2684 den
1397 2638 1680 2696 Esquilinus.
1713 2638 1773 2684 cf.
1804 2637 1905 2684 Hor
1937 2637 2034 2685 Sat.
2070 2641 2168 2693 1,8,
2203 2638 2380 2694 domui,

250 2698 309 2743 cf.
341 2698 470 2744 Suet.
501 2698 642 2744 Nero.
674 2701 726 2743 31
751 2717 759 2744 :
794 2699 983 2744 domum
1015 2715 1043 2743 a
1074 2698 1254 2744 Palatio
1288 2698 1520 2756 Esquilias
1552 2714 1702 2755 usque
1733 2698 1863 2751 fecit,
1882 2702 2188 2755 quamprimo
2207 2702 2376 2745 transi·

249 2761 433 2811 toriam,
464 2775 571 2803 mox
602 2758 822 2803 incendio
855 2759 1149 2814 absumptam
1181 2760 1539 2814 restitutamque
1572 2773 1761 2803 auream
1791 2760 2066 2803 nominavit.

310 2820 380 2863 10.
413 2821 777 2870 continuaverat,
811 2818 871 2862 cf.
904 2817 1012 2863 Sall.
1032 2815 1134 2863 Cat.
1166 2821 1238 2869 20,
1273 2820 1354 2863 11:
1389 2817 1524 2862 binas
1555 2823 1635 2862 aut
1666 2817 1863 2874 amplius
1896 2816 2063 2863 domos
2082 2820 2376 2864 continuare.

310 2880 378 2921 10.
411 2879 512 2921 sisti
540 2881 698 2932 potuit,
732 2894 796 2922 sc.
827 2879 959 2934 ignis,
991 2876 1281 2934 persoonlijk
1313 2876 1456 2933 geht..
1488 2877 1549 2921 cf.
1585 2879 1652 2929 14,
1689 2878 1772 2920 14:
1803 2891 1893 2921 nec
1925 2879 2018 2922 iam
2049 2878 2150 2922 sisti
2169 2882 2376 2934 poterat.

311 2940 377 2980 11.
410 2937 720 2989 haurirentur,
754 2953 990 2981 eveneens
1021 2943 1067 2980 in
1100 2940 1141 2990 3,
1174 2940 1231 2981 72
1262 2952 1354 2981 van
1386 2936 1468 2980 het
1498 2951 1617 2981 vuur
1649 2934 1880 2992 gebruikt.

309 2998 378 3039 12.
410 3001 698 3040 monumenta
731 2997 986 3052 Agrippae,
1021 2996 1089 3039 dit
1120 3011 1295 3048 waren,
1327 2995 1527 3040 behalve
1561 2994 1652 3039 den
1670 2997 1717 3039 in
1735 3010 1776 3039 c.
1795 2997 1852 3040 37
1871 2994 2165 3050 genoemden
2184 3010 2375 3052 campus

248 3055 517 3112 Agrippae:
552 3055 611 3099 de
642 3058 851 3111 porticus
883 3055 1119 3112 Vipsania,
1154 3055 1212 3100 de
1245 3061 1412 3111 saepta
1444 3053 1584 3107 Julia,
1611 3054 1693 3098 het
1726 3054 2053 3108 diribitorium,
2086 3054 2147 3099 de
2162 3053 2375 3100 thermae

249 3115 502 3172 Agrippae,
512 3114 594 3159 het
606 3114 866 3165 Pantheon,
877 3114 935 3159 de
949 3115 1142 3159 basilica
1150 3114 1357 3171 Neptuni
1369 3113 1483 3168 [ook
1494 3116 1705 3170 porticus
1715 3113 2096 3169 Argonautarum
2109 3112 2373 3169 genoemd).

249 3177 377 3277 Α13.
410 3180 517 3228 quin
550 3177 700 3226 etiam,
733 3176 780 3218 in
812 3174 1098 3231 anastrophe
1131 3174 1375 3231 geplaatst,
1410 3172 1469 3218 cf.
1502 3174 1614 3229 Agr.
1647 3175 1747 3226 26.;
1783 3173 1942 3219 Germ.
1975 3175 2003 3218 3
2036 3189 2095 3219 en
2113 3172 2374 3229 Verg.,o.a.

299 3249 372 3277 en.
404 3236 446 3285 2,
479 3235 579 3277 768.

311 3294 378 3335 15.
411 3290 625 3336 utensilia
663 3306 705 3321 =
745 3291 934 3336 cibaria.

311 3354 380 3394 16.
412 3351 477 3395 ad
506 3356 662 3395 ternos
694 3366 918 3403 nummos,
951 3367 1015 3396 sc.
1047 3354 1095 3395 in
1126 3351 1347 3396 modium.
1379 3353 1426 3395 in
1458 3353 1635 3394 irritum
1661 3348 1906 3403 cadebant,
1927 3349 1985 3395 cf.
2005 3365 2043 3395 c.
2062 3352 2115 3395 51
2136 3364 2196 3394 en
2214 3347 2311 3394 Liv.
2327 3351 2371 3402 2,

247 3412 289 3462 6,
326 3413 376 3454 1:
411 3410 471 3454 ad
501 3413 679 3455 irritum
713 3410 925 3455 cadentis
957 3413 1070 3466 spei.

311 3471 377 3513 18.
410 3472 637 3513 cecinisse
660 3468 905 3514 Troianum
926 3469 1170 3519 excidium,
1189 3469 1249 3513 cf.
1265 3468 1393 3514 Suet.
1412 3467 1539 3513 Nero
1559 3485 1599 3513 c.
1633 3470 1718 3513 38:
1752 3468 1845 3513 hoc
1876 3466 2145 3512 incendium
2177 3483 2203 3511 e
2240 3472 2369 3512 turre

247 3526 606 3573 Maecenatiana
635 3534 948 3585 prospectans
980 3528 1225 3584 laetusque
1258 3528 1489 3580 flammae,
1522 3534 1573 3572 ut
1592 3526 1763 3579 aiebat,
1789 3526 2155 3584 pulchritudine,
2187 3525 2373 3571 halosin

246 3586 315 3631 Ilii
347 3590 393 3631 in
424 3588 503 3632 illo
537 3604 621 3632 suo
655 3591 874 3633 scaenico
908 3588 1070 3632 habitu
1103 3587 1388 3639 decantavit,
1421 3603 1481 3632 en
1513 3587 1684 3632 verder
1714 3586 1806 3631 Dio
1838 3589 1909 3638 62,
1946 3588 2014 3639 18,

310 3649 377 3691 19.
410 3646 780 3697 adsimulantem,
813 3647 917 3692 h.1.:
950 3663 1162 3692 evenzoo
1194 3646 1486 3692 voorstellen
1518 3646 1600 3691 als.
