2574 3912
267 176 339 230 38
1017 171 1365 230 CORNELII
1400 171 1647 230 TACITI

266 334 497 391 Herculi
533 334 718 392 Arcas
750 334 1026 392 Evander
1063 348 1412 402 sacraverat,
1454 336 1748 407 aedesque
1789 334 2034 393 Statoris
2069 336 2220 394 Iovis
2254 345 2393 396 vota

266 430 511 487 Romulo
569 431 908 502 Numaeque
965 434 1121 502 regia
1197 438 1257 488 et
1314 431 1614 488 delubrum
1662 431 1879 489 Vestae
1919 453 2048 489 cum
2084 433 2391 504 penatibus

266 513 462 598 populi
498 526 745 584 Romani
782 533 1014 593 exusta;
1053 531 1168 584 iam
1201 547 1343 598 opes
1364 534 1453 584 tot
1472 531 1723 584 victoriis
1744 532 2039 599 quaesitae
2061 534 2120 585 et
2137 526 2392 587 Graeca-

266 642 392 679 rum
458 624 663 679 artium
725 622 957 688 decora,
1015 626 1149 679 exin
1201 629 1572 680 monumenta
1627 627 1986 694 ingeniorum
2042 627 2279 696 antiqua
2335 632 2395 682 et

223 730 245 763 ⁵
267 721 616 789 incorrupta,
656 724 781 784 <ut>,
824 722 1082 788 quamvis
1121 722 1179 775 in
1218 724 1380 775 tanta
1399 723 1747 790 resurgentis
1768 719 1926 776 urbis
1953 719 2392 791 pulchritudine,

267 813 445 870 multa
502 817 763 870 seniores
801 817 1178 880 meminerint,
1220 835 1370 884 quae
1409 818 1665 886 reparari
1701 815 2036 886 nequibant.
2074 816 2255 883 fuere,
2296 821 2396 888 qui

269 908 615 966 adnotarent
669 909 811 966 XHII
866 908 990 966 Kal.
1034 909 1281 967 Sextiles
1319 914 1658 982 principium
1695 912 1946 968 incendii
1982 912 2148 969 huius
2187 918 2392 974 ortum.

269 1026 385 1077 quo
444 1012 503 1062 et
561 1005 824 1063 Senones
877 1013 1105 1077 captam
1153 1006 1356 1062 urbem
1407 1006 1903 1064 inflammaverint.
1965 1008 2059 1064 alii
2097 1029 2170 1065 eo
2209 1021 2393 1080 usque

269 1122 409 1158 cura
463 1106 751 1173 progressi
807 1109 956 1169 sunt,
997 1109 1061 1159 ut
1094 1102 1339 1159 totidem
1378 1123 1562 1159 annos
1598 1123 1944 1175 mensesque
1985 1111 2045 1161 et
2084 1104 2207 1161 dies
2245 1108 2396 1162 inter

204 1221 246 1254 ιο
268 1204 512 1269 utraque
550 1197 820 1255 incendia
841 1205 1177 1255 numerent.

947 1397 1129 1455 XLII.
1205 1398 1450 1455 Domus
1490 1417 1704 1455 aurea.

340 1595 495 1652 XLII.
575 1595 849 1653 Ceterum
878 1596 1033 1653 Nero
1053 1617 1191 1653 usus
1213 1605 1301 1654 est
1319 1601 1540 1668 patriae
1562 1602 1740 1655 ruinis
1763 1602 2126 1670 extruxitque
2145 1598 2396 1667 domum,

268 1696 327 1749 in
386 1713 501 1763 qua
551 1692 707 1749 haud
744 1692 987 1764 proinde
1027 1705 1287 1764 gemmae
1329 1700 1385 1751 et
1425 1715 1627 1751 aurum
1664 1694 1938 1751 miraculo
1979 1701 2190 1761 essent,
2229 1695 2398 1754 solita

267 1790 492 1860 pridem
532 1795 591 1845 et
626 1789 765 1845 luxu
803 1790 1052 1861 volgata,
1087 1810 1260 1860 quam
1299 1811 1439 1847 arva
1480 1797 1537 1847 et
1577 1797 1781 1862 stagna
1817 1797 1877 1848 et
1914 1795 1972 1847 in
2010 1790 2244 1848 modum
2264 1791 2397 1848 soli-

268 1874 529 1942 tudinum
579 1885 709 1941 hinc
749 1885 944 1951 silvae,
985 1886 1121 1942 inde
1159 1893 1361 1956 aperta
1399 1890 1585 1958 spatia
1625 1894 1684 1944 et
1721 1894 2081 1958 prospectuS,
2120 1891 2399 1959 magistris

206 2004 248 2038 15
272 1988 331 2038 et
368 1980 852 2038 machinatoribus
893 1980 1112 2038 Severo
1155 1990 1213 2039 et
1251 1981 1474 2049 Celere,
1514 1983 1721 2053 quibus
1760 1987 2049 2055 ingenium
2077 1989 2136 2040 et
2155 1983 2399 2041 audacia

271 2085 396 2134 erat
453 2081 642 2143 etiam,
703 2098 852 2148 quae
909 2085 1116 2135 natura
1175 2078 1595 2151 denegavisset,
1652 2100 1757 2150 per
1797 2087 1979 2136 artem
2017 2086 2301 2151 temptare
2330 2067 2400 2167 {t

271 2173 487 2230 viribus
544 2176 813 2244 principis
867 2172 1125 2230 illudere.
1171 2195 1417 2245 namque
1460 2175 1533 2231 ab
1573 2175 1703 2232 lacu
1740 2174 1978 2232 Averno
2017 2175 2399 2246 navigabilem

364 2398 402 2439 1.
435 2394 581 2440 aedes
614 2394 815 2440 Statoris
845 2394 988 2449 Iovis,
1022 2395 1214 2452 gelegen
1232 2412 1323 2441 aan
1339 2396 1398 2442 de
1415 2395 1469 2442 N.
1486 2397 1602 2454 zijde
1619 2413 1712 2442 van
1729 2396 1822 2442 den
1840 2395 2091 2450 Palatinus,
2108 2412 2321 2442 evenzoo
2339 2396 2400 2442 de

273 2458 402 2512 regia
433 2471 495 2500 en
526 2454 585 2499 de
617 2454 784 2511 tempel
817 2470 908 2500 van
943 2455 1098 2509 Vesta,
1133 2456 1192 2501 cf.
1225 2455 1337 2502 Hor.
1365 2455 1518 2502 Carm.
1539 2459 1638 2510 1,2‚
1658 2459 1826 2502 15:ire
1844 2456 2080 2513 dejectum
2096 2462 2402 2503 monumenta

271 2517 394 2571 regis
426 2514 714 2572 Templaque
746 2514 934 2560 Vestae.

362 2576 404 2619 3.
435 2580 542 2624 iam,
568 2574 752 2619 verder.

437 2648 611 2689 opes..
631 2667 641 2677 .
662 2634 851 2684 decora,
882 2649 947 2678 sc.
979 2660 1037 2667 —
1071 2639 1234 2679 exusta
1265 2639 1387 2679 sunt.

392 2725 404 2737 .
435 2698 730 2738 monumenta
750 2726 758 2737 .
779 2726 788 2735 .
809 2726 818 2736 .
837 2696 1119 2749 incorrupta,
1142 2718 1191 2729 —
1211 2692 1421 2739 bedoeld
1436 2697 1525 2750 zijn
1543 2692 1733 2738 boeken
1755 2709 1842 2738 van
1859 2692 2115 2739 beroemde
2141 2692 2402 2750 schrijverS.

436 2755 736 2805 meminerint,
768 2752 908 2796 facile
939 2755 1202 2797 meminisse
1234 2758 1446 2808 possunt.

395 2844 404 2854 .
438 2810 664 2864 Senones,
698 2815 744 2856 in
776 2811 855 2855 het
888 2814 986 2866 jaar
1017 2814 1105 2856 390
1135 2828 1178 2856 V.
1213 2811 1264 2857 C.

395 2870 623 2915 .totidem
657 2887 822 2921 annos,
855 2870 1076 2915 tusschen
1110 2871 1168 2916 de
1200 2874 1384 2916 inname
1417 2870 1501 2916 der
1539 2872 1647 2916 stad
1694 2870 1814 2916 door
1859 2870 1919 2916 de
1962 2870 2166 2916 Galliers
2206 2886 2267 2915 en
2307 2869 2401 2916 den

360 2635 404 2915 ρωφὼῳ

275 2929 427 2974 brand
443 2930 516 2985 lag
533 2946 622 2975 een
640 2931 892 2986 tijdruimte
909 2946 1001 2975 van
1031 2933 1119 2974 454
1151 2933 1303 2986 jarem
1339 2931 1487 2975 dezen
1520 2930 1663 2975 tellen
1694 2932 1782 2974 418
1814 2932 1927 2985 jaar,
1959 2932 2047 2976 418
2077 2930 2310 2975 maanden
2342 2945 2403 2974 en

274 2991 361 3033 418
393 2989 558 3045 dagen,
590 2990 755 3045 terwijl
786 3006 838 3034 er
869 2989 1034 3034 echter
1064 3006 1153 3034 een
1184 2990 1385 3035 verschil
1416 3006 1509 3034 van
1541 2992 1705 3046 eenige
1739 2989 1890 3046 dagen
1923 2988 2172 3045 overblii.ft

336 3050 405 3092 10.
437 3054 688 3101 numerent,
723 3049 837 3094 daar
867 3048 943 3093 h.l.
977 3065 1069 3094 van
1101 3049 1347 3106 schrijvers
1393 3048 1564 3105 sprake
1610 3052 1663 3102 is,
1710 3051 1825 3094 wier
1872 3048 2159 3106 geschriften
2205 3063 2270 3105 op
2319 3046 2401 3092 het

275 3108 532 3163 oogenblik
566 3108 757 3153 Tacitus
787 3124 909 3154 voor
941 3117 1096 3164 oogen
1128 3109 1277 3165 lagen.

333 3165 463 3211 XLII.
500 3170 569 3211 11
602 3183 715 3213 usus
748 3173 829 3220 est,
861 3167 1049 3212 maakte
1080 3168 1182 3213 zic'n
1214 3175 1294 3213 ten
1325 3172 1474 3212 nutte
1507 3167 1707 3219 domum,
1738 3166 1928 3212 bekend
1961 3166 2110 3212 onder
2141 3165 2233 3211 den
2263 3180 2401 3210 naam

274 3241 365 3270 van
383 3226 549 3271 domus
566 3243 719 3275 aurea.
738 3227 1034 3272 beschreven
1051 3226 1173 3272 door
1203 3227 1457 3273 Suetonius
1474 3226 1599 3271 Nero
1634 3227 1690 3280 (c.
1723 3226 1812 3280 31).
1843 3229 1884 3272 3.
1918 3241 2035 3272 arva
2067 3230 2111 3271 et
2139 3229 2321 3281 stagna,
2340 3223 2399 3269 ct.

278 3285 501 3330 Martialis
536 3289 572 3338 1,
606 3289 648 3339 2,
682 3289 722 3330 5.
754 3286 855 3337 Hic,
887 3286 967 3332 ubi
999 3289 1243 3343 conspicui
1288 3285 1571 3332 venerabilis
1617 3285 1947 3342 amphitheatri
1992 3284 2192 3341 Erigitur
2236 3282 2399 3336 moles,

275 3350 441 3415 stagna
486 3345 687 3390 Neronis
734 3351 880 3390 erant.
928 3345 1030 3398 Hie,
1062 3345 1142 3390 ubi
1173 3349 1391 3391 miramur
1423 3345 1608 3390 velocia
1638 3361 1833 3390 munera
1860 3343 2097 3398 Thermas,
2123 3342 2402 3389 Abstulerat

276 3405 455 3448 miseris
487 3410 633 3449 tecta
646 3405 875 3461 superbus
907 3413 1031 3460 ager.

338 3465 405 3506 15.
439 3466 684 3519 ingenium,
717 3463 1024 3520 vindingrijke
1057 3469 1201 3518 geest.

338 3525 406 3566 17.
439 3521 645 3575 illudere,
678 3522 754 3567 h.l
795 3540 831 3553 =
870 3522 1155 3578 moedwillig
1185 3522 1486 3575 verkwisten,
1520 3522 1580 3568 cf.
1612 3521 1730 3567 Hist.
1749 3525 1789 3575 2,
1807 3523 1887 3567 94:
1906 3522 2402 3578 tamquaminsumma

277 3579 564 3626 abundantia
594 3585 822 3638 pecuniae
852 3582 1062 3627 illudere
1094 3583 1154 3627 ab
1187 3581 1294 3627 lacu
1324 3581 1530 3635 Averno,
1549 3582 1606 3638 bij
1626 3581 1815 3634 Cumae,
1833 3584 1879 3626 in
1897 3579 2165 3637 Campanie,
2183 3580 2400 3636 (tegenw.

276 3637 403 3694 Lago
436 3640 663 3690 Averno).
