2574 3912
625 156 728 213 AB
765 153 1108 215 EXCESSU
1142 153 1292 211 DIVI
1330 151 1661 211 AUGUSTI
1698 151 1816 209 XV.
2211 155 2282 209 37

124 367 245 468 s
632 318 758 380 XL.
831 318 931 378 De
970 316 1180 376 brand
1214 315 1423 376 wurdt
1458 313 1810 388 gebluscht.

236 460 346 518 XL.
418 459 599 518 Sexto
621 459 850 517 demum
885 458 978 516 die
1001 457 1155 528 apud
1173 459 1316 513 imas
1338 455 1619 527 Esquilias
1641 455 1770 511 finis
1789 454 2057 512 incendio
2079 454 2283 514 iactus,

161 560 414 631 prorutis
449 577 556 628 per
590 559 911 612 inmensum
950 552 1241 613 aedificiis.
1280 559 1345 609 ut
1383 554 1691 608 continuae
1722 551 2029 608 violentiae
2049 568 2283 620 campus

166 660 225 710 et
280 652 439 710 velut
494 671 739 709 vacuum
778 649 999 707 caelum
1035 654 1381 706 occurreret.
1421 647 1668 703 necdum
1702 649 1924 718 positus
1963 652 2148 703 metus
2187 651 2286 702 aut

163 747 418 805 redierat
467 745 623 819 plebi
661 752 829 816 spes:
871 764 1095 801 rursum
1134 750 1425 815 grassatus
1466 744 1624 813 igniS‚
1666 741 1872 813 patulis
1911 743 2088 811 magis
2126 739 2284 797 urbis

163 843 330 910 locis;
389 862 577 914 eoque
617 847 836 912 strages
874 840 1166 897 hominum
1203 842 1403 905 minor,
1445 837 1685 898 delubra
1724 837 1896 896 deum
1935 843 1993 893 et
2031 839 2284 907 porticus
2308 857 2329 890 5

166 941 499 996 amoenitati
535 937 760 994 dicatae
799 936 967 993 latius
986 934 1307 1006 procidere.
1328 934 1573 1005 plusque
1593 933 1860 990 infamiae
1881 932 1941 989 id
1959 931 2285 988 incendium

164 1034 379 1101 habuit,
418 1036 553 1105 quia
589 1031 842 1104 praediis
871 1031 1129 1102 Tigellini
1148 1029 1480 1086 Aemilianis
1500 1035 1846 1100 proruperat
1864 1027 2283 1097 videbaturque

163 1130 319 1187 Nero
377 1128 718 1187 condendae
775 1127 932 1184 urbis
989 1147 1179 1183 novae
1238 1132 1298 1182 et
1337 1131 1720 1196 cognomento
1760 1145 1865 1180 suo
1906 1121 2284 1195 appellandae

163 1225 402 1298 gloriam
422 1244 719 1296 quaerere.
742 1227 954 1295 quippe
975 1227 1034 1279 in
1046 1226 1312 1294 regiones
1328 1220 1788 1292 quattuordecim
1800 1219 1984 1276 Roma
1998 1217 2283 1283 dividitur,

165 1341 407 1392 quarum
460 1326 731 1391 quattuor
785 1323 1043 1390 integrae
1092 1316 1420 1382 manebant,
1474 1324 1591 1373 tres
1631 1316 1758 1372 solo
1798 1322 1966 1372 tenus
2005 1313 2282 1374 deiectae.
2312 1341 2352 1375 10

164 1423 390 1487 septem
444 1416 675 1486 reliquis
730 1435 919 1486 pauca
977 1420 1263 1471 tectorum
1320 1415 1561 1483 vestigia
1599 1417 1955 1483 supererant.
1994 1410 2188 1467 lacera
2226 1415 2286 1466 et

165 1518 435 1570 semusta.

761 1693 913 1751 XLI.
991 1692 1279 1765 Omvang
1318 1691 1435 1749 der
1468 1709 1667 1763 ramp.

236 1855 372 1915 XLI.
446 1855 734 1914 Domuum
773 1862 832 1912 et
868 1854 1180 1912 insularum
1219 1860 1277 1910 et
1315 1854 1693 1942 templorum&
1714 1872 1864 1923 quae
1906 1854 2116 1910 amissa
2136 1855 2284 1916 sunt,

164 1971 468 2013 numerum
502 1955 646 2009 inire
683 1950 840 2008 haud
876 1955 1204 2022 promptum
1237 1950 1437 2013 fuerin
1463 1926 1977 2007 {effvsstu‘stissima
1995 1946 2284 2017 religione.

165 2046 323 2119 quod
342 2046 575 2105 Servius
595 2046 808 2106 Tullius
821 2046 1036 2112 Lunae,
1060 2051 1116 2103 et
1135 2056 1342 2116 magna
1361 2065 1462 2102 ara
1482 2045 1809 2114 fanumque,
1828 2063 1977 2114 quae
1992 2044 2286 2113 praesenti

224 2252 318 2300 XL.
351 2255 389 2298 1.
420 2257 554 2298 sexto
588 2251 769 2298 demum
802 2251 890 2306 die,
925 2252 1242 2308 daarentegen
1264 2250 1393 2297 Suet.
1423 2250 1549 2297 Nero
1568 2252 1647 2295 38:
1679 2265 1765 2307 per
1795 2265 1879 2295 sex
1895 2247 1995 2294 dies
2010 2253 2286 2305 septemque

164 2318 348 2363 noctes.
379 2328 439 2357 en
471 2311 523 2357 C.
554 2311 587 2357 Ι.
620 2311 668 2356 L.
700 2314 854 2366 6,826:
890 2344 900 2356 .
921 2345 931 2356 .
951 2344 960 2355 .
980 2310 1170 2368 quando
1202 2310 1314 2356 urbs
1344 2326 1430 2366 per
1475 2325 1648 2354 novem
1693 2307 1794 2353 dies
1840 2310 1952 2353 arsit
2007 2307 2286 2353 Neronianis

169 2370 474 2428 temporibus.
506 2375 628 2420 imas
657 2369 917 2427 Esquilias,
947 2370 1172 2417 tusschen
1203 2369 1297 2415 den
1326 2369 1592 2426 Esquilinus
1622 2383 1684 2413 en
1710 2366 1963 2413 Viminalis.

254 2433 297 2477 2.
326 2445 412 2486 per
457 2433 727 2483 inmensum,
775 2430 835 2475 cf.
884 2430 1043 2486 Agric.
1090 2431 1149 2475 23
1179 2445 1239 2474 en
1270 2428 1427 2474 Germ.
1459 2430 1518 2480 6..
1548 2427 1625 2474 h.l.
1658 2443 1894 2472 eveneens
1939 2429 1987 2471 in
2018 2424 2286 2471 verzwakte

172 2487 463 2534 beteekenis.

257 2551 299 2593 3.
330 2551 524 2604 posituS,
557 2563 621 2593 sc.
653 2553 768 2593 erat.

252 2610 294 2652 7.
325 2606 564 2663 praediis.
582 2640 593 2652 .
612 2604 933 2660 .Aem1'lianis,
984 2605 1044 2651 de
1075 2605 1277 2650 Aemilia
1306 2604 1536 2650 vormden
1567 2620 1655 2649 een
1685 2603 1812 2648 klein
1844 2601 2195 2648 stadskwartier
2225 2601 2283 2658 bij

167 2664 263 2711 den
293 2664 496 2723 Campus
527 2665 735 2719 Martius,
767 2665 993 2712 tusschen
1024 2664 1118 2710 den
1150 2663 1443 2721 Capitolinus
1475 2680 1535 2708 en
1567 2663 1832 2718 Quirinalis.

257 2728 299 2769 7.
328 2730 622 2781 proruperat,
652 2730 749 2770 met
780 2725 874 2770 den
906 2724 1109 2770 enkelen
1139 2723 1248 2777 abl..
1281 2723 1341 2768 cf.
1376 2725 1445 2777 13.
1476 2725 1562 2768 44:
1596 2721 1908 2778 cubiculoque
1938 2721 2214 2777 prorumpit.

258 2786 300 2828 8.
331 2789 635 2840 cognomento
674 2801 714 2814 =
750 2787 955 2829 nomine.

257 2845 300 2887 9.
330 2845 547 2899 regiones
578 2842 963 2899 quattuordecim,
997 2842 1056 2888 ef.
1093 2844 1162 2894 14,
1197 2843 1264 2886 12.
1300 2839 1520 2885 dividitur
1552 2855 1596 2871 =
1633 2842 1672 2885 is
1701 2838 1939 2885 verdeeld.

228 2900 340 2950 XLI.
374 2904 442 2948 12.
466 2901 740 2954 insularum,
756 2901 1118 2954 huurkazemes.
1137 2901 1198 2946 cf.
1213 2900 1465 2946 Suetonius
1480 2900 1607 2945 Nero
1625 2915 1665 2944 c.
1682 2901 1752 2944 38:
1771 2904 1882 2943 tunc
1898 2898 2285 2954 praeterimmen-

169 2976 271 3006 sum
287 2976 530 3007 numerum
543 2960 796 3006 insularum
813 2961 980 3007 domus
995 2963 1258 3018 priscorum
1275 2958 1446 3004 ducum
1463 2963 1678 3004 arserunt
1692 2957 1940 3005 hostilibus
1956 2955 2108 3001 adhuc
2124 2955 2286 3012 spoliis

170 3019 427 3065 adornatae
458 3018 749 3076 deorumque
780 3020 924 3065 aedes
956 3019 1016 3065 ab
1048 3018 1235 3076 regibus
1253 3035 1308 3063 ac
1327 3017 1499 3063 deinde
1516 3018 1703 3062 Punicis
1721 3022 1769 3062 et
1786 3015 1978 3061 Gallicis
1995 3014 2129 3059 bellis
2144 3019 2286 3059 votae

169 3078 514 3135 dedicataeque
545 3085 593 3123 et
623 3078 853 3135 quidquid
883 3078 1129 3124 visendum
1163 3084 1305 3134 atque
1329 3076 1632 3126 memorabile
1654 3092 1711 3120 ex
1728 3077 2005 3131 antiquitate
2022 3073 2286 3120 duraverat.

232 3140 300 3183 14.
332 3137 462 3194 quod
506 3136 701 3183 Servius
750 3136 925 3183 Tullius
968 3137 1145 3190 Lunae,
1191 3137 1251 3181 cf.
1299 3136 1454 3181 Livius
1500 3138 1571 3188 40.
1603 3138 1652 3180 2:
1686 3132 2198 3190 tempestas...forem
2228 3148 2287 3176 ex

170 3195 291 3241 aede
322 3196 495 3249 Lunae,
528 3212 648 3253 quae
680 3199 727 3241 in
757 3195 989 3241 Aventino
1022 3202 1108 3249 est,
1140 3201 1324 3252 raptam
1355 3195 1460 3240 tulit
1491 3201 1539 3239 et
1569 3198 1616 3239 in
1646 3196 1841 3248 posticis
1872 3191 2081 3250 partibus
2102 3192 2286 3238 Cereris

170 3255 332 3313 templi
363 3256 542 3308 affixit;
575 3272 634 3300 en
668 3254 805 3300 Ovid.
837 3254 961 3300 Fast.
979 3258 1020 3309 3,
1037 3258 1152 3301 883:
1171 3254 1316 3307 Luna,
1334 3257 1455 3310 regis
1471 3269 1680 3304 menses;
1711 3253 1848 3298 huius
1865 3267 2055 3308 quoque
2072 3256 2287 3306 tempora

170 3317 342 3360 mensis
384 3314 507 3360 Finit
551 3314 792 3360 Aventino
838 3314 969 3362 Luna
1010 3313 1211 3360 colenda
1240 3316 1367 3369 iugo;
1403 3312 1553 3358 alleen
1585 3312 1696 3356 Tac.
1726 3310 1970 3363 vermeldt,
2003 3310 2084 3355 dat
2099 3309 2286 3356 Servius

171 3372 349 3419 Tullius
379 3390 468 3419 een
498 3373 672 3430 tempel
702 3389 823 3419 voor
852 3372 982 3418 Luna
1011 3373 1232 3425 bouwde,
1264 3372 1353 3417 wel
1370 3370 1640 3417 vermelden
1657 3370 1831 3415 andere
1848 3368 2107 3422 berichten,
2129 3368 2209 3413 dat
2225 3367 2283 3423 hij

170 3447 261 3476 een
290 3434 465 3490 tempel
493 3449 615 3478 voor
644 3431 794 3477 Diana
823 3432 1029 3477 stichtte.

234 3493 302 3536 14.
332 3503 503 3548 magna
535 3506 622 3536 ara
654 3490 922 3547 fanumque,
955 3507 1018 3547 op
1050 3490 1132 3535 het
1162 3490 1317 3535 forum
1348 3490 1575 3535 boarium.

237 3551 302 3594 14.
332 3553 570 3605 praesenti
597 3549 804 3602 Herculi.
837 3556 950 3595 toen
980 3550 1055 3604 hij,
1086 3549 1280 3605 volgens
1313 3548 1370 3593 de
1402 3557 1525 3604 sage‚
1559 3564 1621 3604 op
1637 3550 1725 3602 zijn
1741 3544 1991 3601 terugkeer
2007 3548 2074 3590 uit
2098 3544 2285 3602 Spanje.

173 3613 268 3652 met
299 3607 358 3653 de
389 3609 627 3655 runderen
656 3624 750 3655 van
782 3608 978 3665 Geryon
1008 3610 1056 3653 in
1087 3607 1235 3653 Rome
1266 3624 1364 3653 was
1396 3607 1639 3663 gekomen.
1672 3605 1748 3660 (cf.
1780 3605 1876 3650 Liv.
1911 3609 1949 3658 1.
1983 3606 2040 3657 7).
