2574 3912
295 139 376 192 60
500 151 503 153 ’
1043 133 1391 223 'CORNELII
1426 133 1674 191 TACITI

558 295 797 353 LXVII.
873 295 1177 368 Moedige
1214 295 1388 354 dood
1424 316 1553 354 van
1591 296 1862 354 Subrius
1899 296 2154 356 Flavus.

365 451 572 508 LXVII.
649 450 794 507 Mox
848 436 1167 507 eorundem
1205 450 1416 508 indicio
1458 450 1701 508 Subrius
1737 450 1946 509 Flavus
1983 451 2247 527 tribunus
2285 440 2427 524 per--

293 550 548 612 vertitur,
587 550 771 617 primo
812 546 1327 604 dissimilitudinem
1365 568 1589 603 morum
1628 548 1704 604 ad
1743 531 2142 605 defensionem
2166 547 2417 615 trahenS,

291 663 483 712 neque
523 663 585 698 se
626 648 910 698 armatum
947 663 1077 699 cum
1114 643 1428 700 inermibus
1469 649 1529 700 et
1565 643 1912 701 effeminatis
1949 650 2171 702 tantum
2198 631 2419 702 facinus

292 742 781 819 consociaturum;
844 737 994 803 dein,
1048 745 1356 809 postquam
1394 739 1721 809 urgebatur,
1763 739 2144 797 confessionis
2183 740 2419 813 gloriam

246 857 268 889 5
293 820 1150 915 amplexusysmterrogatusque
1191 855 1226 890 a
1263 834 1512 900 Nerone,
1537 834 1741 905 quibus
1763 839 1951 893 causis
1972 836 2049 893 ad
2070 836 2419 893 oblivionem

291 916 637 988 sacramenti
691 934 1088 1001 processisset,
1145 930 1404 987 ‘oderam
1454 930 1530 987 te'
1570 934 1768 1002 inquit.
1811 934 1936 988 ‘nec
1975 934 2278 1003 quisquam
2313 931 2420 989 tibi

290 1027 520 1083 fidelior
557 1026 794 1082 militum
832 1025 953 1091 fuit,
995 1026 1133 1083 dum
1173 1030 1352 1082 amari
1383 1030 1669 1083 meruisti:
1695 1027 1889 1083 odisse
1910 1030 2092 1098 coepi,
2113 1034 2419 1099 postquam

288 1122 575 1193 parricida
609 1124 804 1179 matris
826 1130 883 1179 et
901 1126 1116 1189 uxoriS,
1140 1125 1337 1194 auriga
1358 1128 1416 1178 et
1435 1123 1635 1179 histrio
1659 1129 1718 1179 et
1736 1124 2123 1180 incendiarius
2144 1123 2416 1180 extitisti!

288 1222 415 1289 ipsa
454 1219 645 1275 rettuli
683 1218 882 1278 verba,
923 1221 1059 1289 quia
1095 1239 1231 1284 non,
1260 1225 1323 1274 ut
1345 1217 1623 1284 Senecae,
1647 1219 1880 1290 volgata
1900 1225 2081 1276 erant.
2102 1239 2212 1276 nec
2231 1223 2417 1277 minus

226 1331 266 1364 10
289 1318 451 1371 nosci
489 1314 738 1370 decebat
775 1314 1029 1370 militaris
1068 1318 1176 1371 viri
1214 1334 1419 1370 sensus
1458 1317 1776 1386 incomptos
1814 1322 1873 1371 et
1909 1314 2150 1372 validos.
2188 1315 2326 1372 nihil
2357 1318 2417 1371 in

286 1410 379 1467 illa
419 1413 816 1466 coniuratione
856 1412 1085 1481 gravius
1126 1409 1360 1466 auribus
1398 1409 1646 1467 Neronis
1685 1409 1964 1467 accidisse
2005 1413 2275 1477 constitit,
2316 1414 2415 1481 qui

287 1513 350 1562 ut
374 1506 651 1562 faciendis
674 1505 988 1562 sceleribus
1007 1512 1324 1576 promptuS,
1346 1509 1427 1562 ita
1441 1505 1729 1572 audiendi,
1746 1526 1895 1576 quae
1912 1505 2148 1572 faceret,
2161 1505 2415 1563 insolens

288 1610 429 1658 erat.
487 1622 680 1672 poena
733 1601 892 1658 Flavi
942 1600 1185 1658 Veianio
1226 1601 1399 1673 Nigro
1438 1601 1668 1658 tribuno
1707 1601 2026 1659 mandatur.
2066 1605 2114 1658 is
2151 1587 2415 1673 proximo

284 1701 343 1753 in
402 1710 537 1768 agro
597 1698 864 1754 scrobem
916 1696 1097 1754 effodi
1145 1701 1328 1764 iussit,
1370 1718 1543 1768 quam
1579 1702 1763 1754 visam
1800 1696 2009 1755 Flavus
2047 1703 2112 1754 ut
2148 1697 2415 1755 humilem

219 1818 260 1850 15
285 1801 343 1850 et
383 1801 683 1865 angustam
718 1798 1038 1864 increpans,
1081 1794 1580 1850 circumstantibus
1611 1792 1898 1859 militibus,
1923 1806 2012 1850 'ne
2031 1794 2143 1850 hoc
2164 1793 2412 1865 quidem’

282 1894 466 1961 inquit
505 1893 595 1946 ‘ex
634 1889 967 1960 disciplina.'
1009 1890 1454 1960 admonitusque
1495 1890 1717 1946 fortiter
1737 1890 2089 1960 protendere
2109 1879 2411 1956 cervicem,

284 1987 533 2043 ‘utinam'
569 1990 648 2042 ait
689 1989 766 2042 ‘tu
804 1993 923 2042 tam
962 1986 1189 2042 fortiter
1221 1985 1441 2043 ferias!'
1485 1993 1544 2042 et
1581 1985 1674 2042 ille
1714 1986 1953 2042 multum
1990 1993 2419 2051 tremenS,cum·

282 2086 380 2138 vix
420 2081 648 2139 duobus
686 2082 895 2139 ictibus
935 2090 1109 2153 caput
1148 2086 1578 2153 amputavisset,
1620 2085 1919 2139 saevitiam
1950 2081 2106 2152 apud
2125 2080 2414 2138 Neronem

282 2181 534 2243 iactavit,
576 2177 941 2249 sesquiplaga
978 2178 1345 2234 interfectum
1385 2198 1420 2233 a
1459 2199 1522 2234 se
1562 2177 1828 2234 dicendo.
2147 2174 2151 2178 ⁵

341 2413 515 2458 LXVII.
551 2416 588 2458 1.
622 2412 890 2466 eorundem,
922 2430 988 2459 sc.
1021 2417 1101 2471 qui
1132 2414 1356 2460 Faenium
1387 2414 1560 2461 Rufum
1591 2414 1873 2460 detulerant.

371 2476 414 2518 2.
445 2472 650 2524 trahens,
697 2479 824 2518 vert:
873 2474 1221 2520 aanvoerende.
1266 2480 1509 2528 armatum,
1559 2480 1685 2520 vert:
1733 2490 1822 2519 een
1853 2473 2115 2531 krijgsman.
2147 2471 2412 2528 inermibus,

281 2532 358 2578 h.l.
400 2549 437 2562 Ξ
475 2535 575 2578 niet
605 2533 866 2578 weerbaar.

371 2596 413 2636 4.
446 2596 839 2644 consociaturum,
886 2609 951 2637 sc.
999 2592 1144 2638 fuisse
1183 2608 1223 2621 =
1261 2592 1365 2638 zich
1411 2598 1485 2639 tot
1531 2595 1620 2638 iets
1662 2594 1964 2648 vereenigen,
1996 2591 2057 2637 cf.
2090 2590 2188 2637 Cic.
2219 2590 2281 2637 de
2311 2590 2411 2637 Fin.

281 2653 324 2696 3.
371 2654 452 2695 71:
500 2667 590 2696 nec
638 2667 751 2697 vero
800 2658 981 2697 rectum
1026 2658 1099 2697 est
1147 2668 1251 2698 cum
1298 2654 1459 2698 amicis
1505 2658 1586 2697 aut
1631 2652 1757 2697 bene
1802 2654 1980 2697 meritis
2022 2653 2300 2698 consociare
2331 2655 2413 2698 aut

283 2713 569 2766 coniungere
601 2714 830 2756 iniuriam.

371 2772 435 2873 (md
443 2775 738 2823 sacramenti,
772 2772 886 2816 daar
918 2770 977 2815 de
1009 2769 1229 2815 soldaten
1261 2769 1354 2816 den
1386 2770 1476 2816 eed
1508 2770 1727 2826 aflegden
1759 2787 1821 2826 op
1850 2770 1931 2816 het
1947 2768 2141 2816 behoud
2158 2786 2219 2815 en
2233 2769 2414 2827 welzijn

280 2845 373 2874 van
441 2845 500 2874 cn
532 2830 704 2874 keizer¹

370 2891 598 2933 Tamari
641 2893 855 2940 meruisti,
904 2888 963 2934 de
1010 2889 1093 2933 inf.
1139 2888 1197 2945 bij
1245 2905 1428 2934 merere
1473 2887 1608 2934 komt
1637 2896 1731 2944 nog
1762 2905 1884 2934 voor
1915 2887 2072 2934 Germ.
2105 2890 2163 2933 28
2188 2903 2253 2934 en
2283 2887 2410 2934 Ann.

285 2951 353 3000 14.
386 2950 458 3001 118,
492 2948 552 2993 cf.
585 2947 724 2994 Ovid.
756 2948 858 2993 Met
888 2952 931 3001 4,
964 2951 1075 2994 319:
1109 2951 1277 2994 meruit
1309 2950 1521 2994 formosa
1550 2947 1715 2999 videri.

370 3010 412 3052 9.
446 3023 537 3052 non
558 3041 567 3051 .
587 3041 597 3051 .
617 3041 627 3051 .
649 3006 835 3064 volgata
885 3013 1031 3061 erant,
1078 3008 1190 3053 Tac.
1222 3014 1353 3053 moet
1387 3024 1441 3052 ze
1474 3007 1561 3053 dus
1594 3006 1716 3052 door
1747 3006 2049 3063 mondelinge
2083 3005 2411 3063 overlevering

282 3067 496 3123 gehoord
527 3066 729 3112 hebben.

344 3129 412 3170 10.
445 3130 718 3178 incomptos,
751 3125 811 3170 cf.
844 3125 941 3170 Liv.
973 3129 1015 3179 4,
1047 3128 1127 3170 41:
1162 3126 1389 3172 adversus
1419 3125 1538 3171 haec
1571 3126 1817 3183 Tempanii
1839 3127 1990 3171 oratio
2008 3127 2250 3181 incompta
2265 3123 2410 3169 fuisse

283 3185 467 3237 dicitur,
502 3192 712 3231 ceterum
743 3184 1007 3230 militariter
1038 3188 1207 3240 gravis.

344 3247 412 3288 12.
444 3251 700 3300 promptus.
732 3250 829 3289 met
861 3245 954 3289 den
987 3244 1082 3289 dat.
1114 3261 1205 3289 van
1238 3244 1320 3289 het
1351 3243 1627 3300 gerundium
1660 3259 1897 3289 eveneens
1930 3242 2058 3299 gebr.
2094 3244 2162 3295 12,
2194 3244 2250 3287 4:
2283 3242 2409 3287 acci-

281 3303 468 3358 piendis
498 3305 843 3360 suspicionibus
874 3307 1151 3361 promptior.

345 3365 412 3407 12.
446 3363 663 3416 insolens,
695 3369 791 3408 met
823 3363 915 3408 den
948 3372 1065 3419 gen..
1100 3363 1161 3407 cf.
1193 3365 1235 3415 6.
1267 3365 1338 3408 34.

344 3425 412 3465 14.
444 3422 670 3475 scrobem.
703 3425 882 3467 waurin
928 3422 1010 3467 het
1055 3421 1255 3467 lichaam
1302 3437 1392 3466 van
1440 3420 1533 3466 den
1579 3419 1975 3477 terechtgestelde
2021 3435 2112 3465 zou
2153 3427 2408 3475 geworpen

283 3481 494 3525 worden.

345 3543 413 3584 16.
447 3532 505 3584 ex
537 3540 796 3595 disciplina,
829 3540 1024 3597 volgens
1057 3539 1116 3584 de
1149 3539 1514 3585 voorschriften.

345 3602 412 3643 17.
446 3604 538 3643 tam
572 3599 765 3650 fortiter,
799 3616 864 3644 sc.
897 3616 1036 3655 quam
1069 3608 1156 3655 ego
1190 3599 1380 3644 fortiter
1411 3601 1645 3643 cervicem
1676 3595 1982 3655 protendero.
