2574 3912
616 179 719 236 AB
758 176 1097 235 EXCESSU
1135 176 1285 234 DIVI
1321 175 1654 233 AUGUSTI
1691 174 1808 232 XV.
2206 179 2269 230 17

159 341 264 399 sed
295 344 355 398 in
392 341 626 398 modum
665 343 956 411 querentis
996 342 1332 410 composuit,
1379 337 1537 408 quod
1572 357 1678 407 pro
1716 336 2001 394 Armeniis
2044 357 2270 408 semper

156 437 453 494 Romanae
493 437 730 493 dicionis
770 443 868 492 aut
905 435 1175 492 subiectis
1214 437 1351 506 regi,
1392 453 1564 504 quem
1601 436 1912 504 imperator
1930 432 2268 504 delegisset,

157 531 386 589 hostilia
441 532 686 588 faceret:
726 551 930 602 pacem
969 551 1043 587 ex
1088 550 1274 601 aequo
1314 529 1536 594 utilem:
1577 549 1651 584 ne
1686 531 2015 598 praesentia
2051 534 2272 584 tantum

159 634 477 698 spectaret:
551 630 735 698 ipsum
797 626 1076 716 adversus
1135 625 1279 682 duas
1336 623 1592 696 legiones
1650 627 1785 680 totis
1842 627 2002 693 regni
2057 623 2272 680 viribus

160 722 498 788 advenisse:
538 729 597 778 at
633 721 904 778 Romanis
946 717 1146 778 orbem
1195 727 1475 777 terrarum
1531 718 1827 790 reliquum,
1889 739 2002 789 quo
2059 718 2273 776 bellum
2297 747 2318 780 5

159 821 436 875 iuvarent.

302 978 458 1036 XIV.
530 977 816 1051 Verdrag
853 977 1159 1036 tusschen
1194 977 1277 1034 de
1314 977 1669 1034 Romeinen
1706 995 1789 1034 en
1825 975 2115 1033 Parthen.

221 1126 370 1184 XIV.
445 1125 542 1182 Ad
580 1147 650 1182 ea
687 1092 1042 1196 Vologaeses
1082 1125 1216 1182 nihil
1253 1146 1357 1196 pro
1398 1145 1589 1190 causa,
1619 1124 1725 1180 sed
1749 1124 2139 1195 opperiendos
2166 1125 2274 1182 sibi

162 1222 368 1280 fratres
406 1221 686 1278 Pacorum
720 1242 793 1277 *ac
830 1220 1124 1278 Tiridaten
1162 1224 1486 1292 rescripsit;
1526 1219 1680 1276 illum
1718 1219 1906 1276 locum
1932 1226 2273 1291 tempusque

161 1318 398 1376 consilio
438 1317 801 1383 destinatum,
843 1317 981 1387 quid
1021 1316 1095 1373 de
1133 1312 1412 1373 Armenia
1443 1323 1780 1380 cernerent;
1818 1315 2098 1373 adiecisse
2131 1315 2273 1372 deos

161 1414 390 1485 dignum
411 1400 835 1479 Arsacidarum,
866 1412 1030 1469 simul
1067 1418 1129 1469 ut
1169 1413 1242 1469 de
1278 1411 1594 1482 legionibus
1633 1411 1903 1468 Romanis
1943 1418 2273 1468 statuerent.
2302 1439 2342 1471 ιο

160 1512 317 1567 missi
372 1508 615 1580 posthac
670 1508 850 1566 Paeto
906 1511 1087 1565 nuntii
1145 1514 1201 1565 et
1258 1511 1406 1579 regis
1466 1506 1812 1578 colloquium
1868 1511 2125 1577 petitum,
2180 1511 2276 1578 qui

160 1605 440 1670 Vasacen,
480 1604 836 1675 praefectum
875 1607 1178 1675 equitatus,
1219 1608 1302 1660 ire
1341 1606 1521 1660 iussit.
1560 1610 1681 1659 tum
1732 1602 1940 1660 Paetus
1993 1602 2273 1669 LucuIIOS‚

161 1699 463 1772 Pompeios
505 1706 562 1757 et
601 1704 649 1757 si
688 1720 803 1770 qua
845 1699 1129 1756 Caesares
1171 1699 1520 1756 obtinendae
1554 1697 1935 1756 donandaeve
1966 1698 2275 1756 Armeniae

163 1802 413 1867 egerant,
452 1794 707 1852 Vasaces
746 1799 1049 1867 imaginem
1086 1796 1373 1852 retinendi
1410 1794 1758 1865 largiendive
1794 1815 1976 1865 penes
2007 1815 2132 1861 nos,
2161 1798 2275 1851 vim

161 1911 340 1962 penes
359 1890 597 1947 Parthos
618 1898 912 1947 memorat.
937 1898 994 1947 et
1013 1891 1251 1947 multum
1270 1894 1328 1946 in
1348 1894 1533 1947 vicem
1551 1891 1890 1960 disceptate,
1908 1889 2270 1946 Monobazus
2297 1925 2338 1957 15

162 1985 498 2043 Adiabenus
535 1989 593 2041 in
614 1986 765 2043 diem
784 1994 1080 2057 posterum
1104 1989 1265 2043 testis
1286 1989 1371 2052 iis,
1397 2007 1544 2056 quae
1565 1988 1931 2057 pepigissent,
1955 1984 2274 2043 adhibetur.

161 2081 484 2152 placuitque
523 2081 752 2138 liberari
792 2081 1018 2139 obsidio
1057 2081 1312 2154 legiones
1354 2089 1412 2138 et
1451 2081 1740 2138 decedere
1778 2102 2005 2137 omnem
2042 2082 2276 2138 militem

162 2177 370 2234 tinibus
409 2177 827 2243 Armeniorum,
867 2177 1213 2248 castellaque
1254 2185 1312 2234 et
1352 2184 1703 2234 commeatus
1724 2176 1943 2233 Parthis
1963 2176 2127 2242 tradi,
2152 2180 2274 2247 qui-

162 2272 270 2329 bus
289 2276 636 2344 perpetratis
658 2277 827 2343 copia
846 2272 1156 2343 Vologaesi
1174 2274 1342 2329 {ieret
1358 2272 1620 2330 mittendi
1638 2272 1714 2329 ad
1732 2271 2021 2328 Neronem
2035 2272 2274 2343 legatos,

254 2444 294 2485 1.
354 2457 441 2498 pro
475 2467 530 2471 -—
561 2448 642 2487 ten
672 2447 838 2498 gunste
869 2458 975 2491 van.
1009 2458 1085 2487 om
1115 2441 1192 2486 n.l.
1221 2440 1281 2486 de
1298 2441 1571 2487 Armeni'e‘rs
1588 2458 1679 2486 van
1697 2441 1755 2486 de
1772 2441 1906 2487 Rom.
1925 2441 1973 2486 af
1990 2447 2036 2486 te
2054 2441 2275 2498 brengen.

251 2502 293 2545 3.
326 2516 384 2546 ex
415 2516 566 2556 aequo
598 2527 656 2533 —
686 2517 807 2546 voor
837 2501 977 2546 beide
1008 2505 1206 2558 partijen
1238 2501 1496 2558 gelijkeh'jk.

251 2561 293 2604 6.
356 2563 570 2604 iuvarent
605 2579 644 2592 =
683 2563 981 2605 sustinerent.

223 2615 340 2663 XIV.
400 2620 442 2663 8.
503 2617 630 2664 illum
661 2617 826 2672 locum,
859 2619 937 2664 n.l.
971 2618 1029 2664 de
1060 2619 1225 2675 plaats,
1256 2634 1385 2663 waar
1414 2618 1472 2674 hij
1504 2617 1608 2662 zich
1639 2617 1776 2663 thans
1807 2617 2011 2663 bevond.

251 2678 294 2721 9.
355 2682 595 2722 cernerent
629 2693 668 2707 =
707 2678 1032 2728 decernerent,
1065 2677 1293 2732 cquerg.
1339 2678 1461 2722 Aen.
1497 2679 1564 2729 12,
1596 2679 1710 2721 708:
1757 2682 1916 2734 stupet
1945 2680 2046 2734 ipse
2087 2676 2276 2722 Latinus

164 2736 366 2790 ingentis
411 2739 595 2792 genitos
621 2736 816 2783 diversis
846 2738 1060 2794 partibus
1092 2737 1219 2782 orbis
1250 2736 1375 2781 Inter
1405 2752 1455 2780 se
1489 2739 1641 2782 coisse
1672 2738 1799 2781 viros
1830 2742 1879 2781 et
1909 2752 2102 2781 cernere
2132 2735 2274 2780 ferro.

228 2796 296 2839 10.
358 2792 558 2851 dignum,
588 2795 734 2841 subst.
773 2813 812 2826 =
848 2813 948 2842 rem
978 2797 1190 2853 dignam;
1225 2812 1340 2840 over
1371 2794 1464 2840 den
1493 2805 1595 2851 gen.
1626 2794 1684 2852 bij
1718 2795 1883 2851 dignus
1914 2795 1975 2841 cf.
2003 2795 2138 2850 Verg.
2154 2794 2277 2839 Aen.

170 2855 238 2905 12,
268 2854 384 2898 648:
416 2859 581 2900 sancta
610 2855 671 2899 ad
701 2871 786 2900 vos
818 2859 971 2901 anima
1001 2863 1143 2912 atque
1173 2856 1305 2900 istius
1332 2856 1479 2899 inscia
1496 2854 1676 2911 culpae,
1694 2854 1990 2900 Descendam
2006 2863 2277 2909 magnorum

165 2911 292 3014 hap?
308 2913 758 3018 uffquamindissssms
776 2930 981 2960 avorum.
999 2914 1150 2967 simul,
1183 2913 1369 2970 tegelijk
1399 2919 1495 2958 met
1526 2913 1586 2959 de
1620 2914 1861 2970 beslissing
1893 2930 2008 2959 over
2038 2914 2274 2958 Armenie.

287 3002 296 3014 .
369 2976 473 3016 aeto
511 2987 555 3003 Σ
591 2989 619 3017 a
687 2978 810 3018 aeto.

228 3031 296 3074 12.
357 3029 590 3076 Lucullos.
638 3031 855 3077 Lucullus
900 3031 1115 3088 versloeg
1161 3032 1383 3087 Tigranes
1428 3034 1476 3075 in
1521 3033 1579 3076 69
1624 3031 1682 3087 bij
1731 3031 2080 3086 Tigranocerta,
2126 3031 2173 3075 in
2218 3032 2276 3074 68

124 3136 128 3141 ,
166 3087 389 3145 Tigranes
435 3106 494 3135 en
540 3090 835 3136 Mithridates
880 3090 939 3146 bij
988 3090 1080 3136 den
1125 3091 1364 3136 Arsanias.
1423 3089 1685 3146 Pompeios,
1745 3090 1995 3146 Pompeius
2051 3105 2278 3134 overwon

164 3146 461 3194 Mithridates
492 3151 540 3193 in
570 3151 628 3193 66
658 3166 701 3193 v.
735 3149 802 3202 C„
834 3150 1058 3206 Tigranes
1077 3149 1372 3206 onderwierp
1389 3149 1492 3194 zich
1509 3149 1674 3206 hierop
1693 3165 1752 3194 en
1768 3148 1911 3204 kreeg
1926 3153 2013 3204 zijn
2028 3147 2114 3204 rijk
2129 3153 2276 3204 terug.

229 3210 296 3252 13.
361 3205 607 3262 Caesares,
623 3207 864 3263 Augustus
880 3208 974 3253 had
991 3215 1116 3253 eerst
1134 3209 1369 3265 Tigranes,
1389 3207 1566 3253 daarna
1591 3208 1882 3253 Artavesdes
1908 3224 1967 3252 en
1998 3206 2276 3263 vervolgens

165 3263 512 3312 Ariobarzanes
544 3283 606 3324 op
637 3266 730 3311 den
759 3272 900 3312 troon
932 3267 1175 3324 geplaatst,
1210 3268 1245 3312 T
1249 3268 1422 3312 iberius
1452 3267 1571 3312 later
1600 3267 1823 3312 Artaxias
1847 3265 1928 3319 III;
1964 3265 2172 3322 Caligula
2195 3265 2277 3310 liet

166 3323 463 3371 Mithridates
491 3342 606 3371 naar
635 3325 784 3371 Rome
815 3326 988 3372 komen
1029 3343 1089 3371 en
1134 3327 1261 3371 hield
1306 3327 1412 3371 hem
1456 3334 1710 3382 gevangen,
1756 3329 1803 3371 in
1849 3328 1902 3370 51
1951 3341 1996 3370 n.
2028 3324 2080 3370 C.
2128 3325 2278 3370 onder

169 3381 390 3430 Claudius
419 3385 552 3430 werd
584 3386 642 3429 de
674 3390 926 3442 usurpator
955 3384 1252 3431 Radamistus
1284 3385 1619 3432 ondersteund.

230 3445 298 3487 13.
361 3443 642 3499 optinendae
674 3476 683 3487 .
719 3477 728 3488 .
763 3476 773 3488 .
808 3477 817 3487 .
847 3444 1113 3496 Armeniae,
1146 3444 1373 3490 waarsch.
1405 3453 1522 3501 gen„
1557 3461 1633 3490 om
1663 3443 1745 3489 het
1777 3442 1886 3488 doel
1917 3458 2006 3487 aan
2023 3447 2070 3487 te
2087 3441 2274 3494 duiden,

169 3500 230 3546 cf.
261 3504 303 3554 2,
335 3505 419 3547 59:
454 3502 814 3558 cognoscendae
845 3506 1148 3560 antiquitatis.

198 3611 202 3614 q
230 3562 298 3605 19.
357 3564 647 3616 perpetratis,
696 3562 764 3606 dit
806 3562 1001 3607 verbum
1032 3564 1071 3607 is
1101 3567 1197 3607 met
1229 3567 1369 3619 opzet
1401 3561 1632 3623 gebruikt.
1667 3577 1742 3606 om
1773 3559 1854 3605 het
1884 3558 2154 3615 smadelijke
2185 3575 2275 3604 van

169 3616 251 3663 het
280 3622 484 3676 vei-drag
513 3623 561 3665 in
591 3620 672 3665 het
703 3620 817 3666 licht
847 3625 895 3665 te
926 3620 1107 3666 stellen.

2189 3707 2216 3748 2
