2574 3912
298 179 373 232 44
1053 173 1400 232 CORNELII
1436 173 1687 232 TACITI

297 336 500 407 procul
555 339 806 407 gravitas
863 356 1086 392 morum
1143 343 1243 394 aut
1279 335 1642 407 voluptatum
1675 340 2056 408 parsimonia:
2094 337 2316 396 levitati
2354 359 2425 396 ac

297 431 758 504 magnificentiae
830 439 890 488 et
959 431 1270 502 aliquando
1329 433 1466 489 luxu
1528 432 1879 504 indulgebat.
1936 433 2111 505 idque
2165 433 2424 506 pluribus

297 526 669 599 probabatur,
711 531 808 599 qui
845 531 903 584 in
941 534 1104 585 tanta
1141 531 1410 585 vitiorum
1450 527 1756 586 dulcedine
1795 548 2077 586 summum
2125 532 2426 602 imperium

298 644 416 680 non
453 627 777 681 restrictum
814 645 925 680 nec
963 644 1379 695 praeseverum
1409 624 1629 682 volunt.

684 778 895 836 XLIX.
970 777 1219 836 Numen
1257 777 1377 836 der
1414 777 2023 837 samenzweerderS.
2380 742 2417 774 's

253 961 274 993 5
370 932 554 991 XLIX,
627 932 852 991 Initium
924 936 1309 992 coniurationi
1383 954 1504 990 non
1541 955 1577 992 a
1613 934 1881 1006 cupidine
1920 937 2102 1005 ipsius
2142 934 2274 1000 {uim
2314 955 2426 996 nec

296 1036 493 1089 tamen
543 1029 712 1088 facile
762 1033 1221 1096 memoraverim,
1273 1032 1400 1101 quis
1440 1033 1661 1101 primus
1699 1031 1917 1097 auct'or,
1957 1034 2119 1089 cuius
2155 1033 2428 1089 instinctu

299 1130 585 1183 concitum
624 1129 712 1192 sit,
755 1126 911 1197 quod
948 1133 1067 1183 tam
1098 1125 1257 1183 multi
1277 1133 1659 1197 sumpserunt.
1681 1130 2136 1199 promptissimos
2158 1125 2428 1185 Subrium

297 1221 550 1288 Flavum,
590 1222 882 1279 tribunum
920 1226 1250 1293 praetoriae
1292 1223 1564 1288 cohortiS,
1584 1229 1665 1287 xet
1686 1221 2000 1294 Sulpicium
2018 1222 2272 1295 Asprum
2290 1243 2427 1281 cen-

296 1321 581 1375 tutionem
619 1322 878 1376 extitisse
919 1322 1244 1375 constantia
1283 1322 1471 1375 exitus
1511 1318 1731 1384 docuitz
1774 1326 1833 1375 et
1862 1318 2127 1376 Lucanus
2146 1318 2425 1376 Annaeus

233 1448 275 1481 10
297 1413 663 1485 Plautiusque
721 1413 1038 1471 Lateranus
1096 1414 1292 1471 vivida
1350 1415 1487 1472 odia
1520 1415 1785 1472 intulere.
1824 1414 2117 1472 Lucanum
2152 1418 2424 1487 propriae

298 1531 508 1567 causae
549 1510 965 1577 accendebant,
1005 1511 1165 1582 quod
1201 1511 1413 1569 famam
1451 1514 1766 1569 carminum
1804 1514 1928 1568 eius
1948 1511 2250 1582 premebat
2267 1511 2426 1568 Nero

295 1606 785 1678 prohibueratque
845 1614 1156 1674 ostentare,
1198 1627 1382 1664 vanus
1425 1607 1838 1664 aemulatione:
1884 1606 2248 1673 Lateranum,
2288 1627 2426 1665 con-

297 1703 481 1759 sulem
520 1703 897 1775 designatum,
938 1703 1093 1760 nulla
1130 1706 1353 1770 iniuria,
1395 1703 1501 1760 sed
1541 1723 1704 1760 amor
1741 1707 1827 1760 rei
1864 1703 2131 1774 publicae
2169 1706 2426 1761 sociavit.

297 1807 356 1856 at
402 1799 631 1856 Flavius
687 1799 1006 1857 Scaevinus
1047 1806 1107 1856 et
1145 1798 1419 1857 Afranius
1461 1799 1821 1866 QuintianuS,
1861 1806 2107 1871 uterque
2154 1802 2429 1857 senatorii

230 1923 272 1955 15
297 1895 530 1962 ordiniS,
572 1905 774 1954 contra
811 1895 1023 1954 famam
1063 1900 1151 1953 sui
1188 1898 1528 1967 principium
1565 1899 1713 1952 tanti
1732 1895 2003 1953 facinoris
2024 1898 2424 1967 capessivere:

294 2014 428 2049 nam
466 1991 752 2049 Scaevino
774 1992 1054 2049 dissoluta
1073 1992 1210 2048 luxu
1230 2013 1393 2049 mens
1415 1998 1475 2048 et
1493 1991 1736 2063 proinde
1757 1995 1877 2049 vita
1897 2013 2101 2049 somno
2129 1991 2424 2063 languidaz

298 2087 640 2152 Quintianus
680 2088 914 2146 mollitia
953 2093 1213 2160 corporis
1233 2089 1458 2145 infamis
1481 2095 1540 2146 et
1561 2109 1597 2144 a
1614 2086 1846 2145 Nerone
1867 2088 2153 2160 probroso
2175 2092 2426 2146 carmine

296 2185 624 2242 diffamatus
665 2186 1072 2243 contumeliam
1110 2185 1291 2243 ultum
1329 2185 1466 2242 ibat.

403 2355 470 2412 L.
538 2354 760 2425 Rufus,
800 2355 883 2413 de
925 2354 1327 2413 aanvoerder
1365 2354 1484 2412 der
1520 2353 1837 2427 liiiwacht,
1877 2354 2025 2412 sluit
2063 2353 2206 2412 zich
2242 2353 2328 2427 bij

916 2480 998 2537 de
1040 2479 1634 2538 samenzweerders
1672 2499 1815 2536 aan.

360 2650 419 2707 L.
496 2650 646 2723 Ergo
724 2650 860 2707 dum
936 2650 1157 2707 scelera
1224 2653 1510 2721 principis,
1569 2656 1627 2706 et
1685 2650 1861 2707 finem
1915 2649 2123 2705 adesse
2180 2650 2423 2719 imperio

232 2781 275 2813 20
301 2747 799 2818 deligendumque,
852 2750 949 2817 qui
1004 2747 1172 2803 fessis
1225 2746 1400 2803 rebus
1440 2752 1816 2811 succurreret,
1851 2748 2001 2802 inter
2039 2766 2103 2802 se
2143 2751 2243 2801 aut
2277 2747 2427 2801 inter

385 2928 424 2968 1.
454 2926 761 2980 parsimonia,
794 2924 871 2969 h.l.
903 2932 1170 2980 ongewoon
1203 2923 1332 2980 gebr.
1364 2926 1392 2968 i.
1426 2940 1472 2981 p¹
1503 2941 1576 2968 v.:
1609 2925 1936 2980 temperantia.

382 2987 424 3028 2.
456 2982 669 3038 pluribus
707 3000 746 3013 =
788 2983 846 3028 de
878 2983 1221 3030 meerderheid.

353 3042 506 3088 XLIX.
536 3046 579 3088 5.
611 3058 640 3087 a
674 3042 904 3098 cupidine,
937 3059 1004 3088 sc.
1034 3045 1217 3099 imperii
1250 3040 1556 3099 adipiscendi.

381 3105 424 3147 9.
455 3101 676 3147 Lucanus
708 3102 952 3154 AnnaeuS,
985 3101 1214 3147 Annaeus
1246 3101 1476 3154 Lucanus,
1524 3098 1709 3146 dichter
1758 3100 1842 3146 der
1888 3099 2142 3151 Pharsalia.
2187 3114 2286 3147 wan
2335 3114 2424 3144 een

294 3162 405 3206 neei
435 3178 529 3207 van
559 3161 755 3207 Seneca.
787 3160 1004 3206 Plautius
1035 3161 1313 3214 Lateranus,
1346 3160 1406 3206 cf.
1443 3162 1511 3212 11.
1559 3162 1630 3206 36.

357 3224 424 3264 12.
458 3236 605 3265 vanus
637 3220 961 3272 aemulatione,
996 3220 1156 3265 dwaas
1188 3222 1256 3265 uit
1287 3219 1554 3276 ijverzucht.

357 3283 425 3323 15.
458 3280 633 3324 famam
666 3286 751 3332 sui,
787 3280 846 3325 cf.
882 3283 952 3332 12,
983 3282 1067 3325 37:
1102 3280 1383 3336 supplicium
1415 3281 1522 3324 mei.

358 3342 425 3383 17.
456 3338 651 3383 mollitia
684 3342 911 3395 corporis,
946 3339 1006 3384 cf.
1043 3342 1112 3384 11.
1144 3343 1187 3384 2.

357 3401 425 3442 18.
460 3398 751 3450 diffamatus.
785 3399 844 3443 cf.
880 3401 948 3451 14.
981 3401 1064 3443 22:
1099 3414 1246 3455 prava
1279 3396 1648 3443 diffamantibus.
1682 3395 1823 3441 ultum
1862 3395 1972 3447 ibat.
2006 3394 2066 3440 cf.
2113 3409 2154 3437 c.
2188 3395 2242 3438 1:
2290 3393 2423 3438 {asti-

295 3460 417 3513 gium
448 3460 515 3502 ire
548 3458 694 3502 ultum
726 3458 905 3503 volens.

354 3516 405 3561 L.
441 3519 509 3561 19.
542 3517 682 3561 finem
715 3516 900 3569 adesse,
933 3516 1046 3562 daar
1078 3517 1137 3561 de
1169 3515 1361 3561 komeet
1393 3514 1461 3559 dit
1491 3514 1667 3560 scheen
1698 3520 1744 3559 te
1775 3512 2089 3569 voorspellen.

354 3579 424 3620 20.
458 3576 600 3620 fessis
633 3574 773 3620 rebus
806 3581 1110 3627 succurreret,
1144 3576 1203 3620 cf.
1237 3575 1372 3631 Verg.
1406 3574 1528 3619 Aen.
1566 3577 1633 3626 ll,
1667 3576 1775 3619 335:
1811 3572 2045 3619 consulite
2074 3574 2123 3616 in
2154 3569 2357 3616 medium
2374 3574 2424 3616 et

295 3635 434 3680 rebus
466 3638 725 3680 succurrite
758 3636 909 3680 fessis.
942 3635 1276 3691 adgregavere.
1309 3651 1372 3679 sc.
1405 3633 1509 3680 sibi.
