2574 3912
304 136 377 188 30
1055 129 1400 188 CORNELII
1436 130 1683 188 TACITI

305 302 439 351 ante
471 294 749 364 augurale
790 313 948 348 aram
971 291 1202 349 subdita
1223 292 1351 348 face
1373 293 1627 358 accendi,
1651 279 1859 350 cuncta
1877 297 1937 350 in
1956 297 2138 351 maius
2159 295 2430 354 attollens

305 391 684 464 admiratione
722 391 893 459 prisci
930 390 1103 444 moris
1143 387 1355 444 affecit.
1394 395 1630 459 postero
1662 388 1756 445 die
1788 393 2037 459 spatium
2072 395 2275 458 oravit,
2311 411 2429 463 quo

302 492 523 541 tantum
559 487 776 540 itineris
814 483 1072 553 aditurus
1101 483 1310 540 iratres
1341 490 1476 540 ante
1501 491 1859 555 matremque
1891 487 2133 550 viseret;
2163 486 2427 544 obsidem

303 585 526 636 interea
563 579 737 636 filiam
774 580 951 636 tradit
987 579 1321 650 litterasque
1361 579 1647 650 supplices
1688 580 1763 636 ad
1800 580 2110 636 Neronem.

479 711 698 769 XXXI.
774 711 1187 783 'Vologaeses’
1225 710 1664 784 bezorgdheid
1700 731 1859 768 voor
1896 715 2019 784 ziin
2055 712 2264 771 broer.

261 856 281 887 5
378 829 569 887 XXXI.
607 830 679 886 Et
718 831 1008 901 digressus
1045 829 1327 886 Pacorum
1367 830 1523 901 apud
1560 829 1789 896 Medos,
1829 830 2198 903 Vologaesen
2245 831 2430 890 Ecba-

302 930 451 984 tanis
489 930 760 997 repperit,
799 946 916 982 non
954 929 1306 982 incuriosum
1345 926 1563 983 fratris:
1607 929 1818 997 quippe
1849 934 1907 983 et
1941 930 2186 999 propriis
2214 930 2429 985 nuntiis

306 1045 338 1078 a
380 1022 713 1080 Corbulone
751 1025 1015 1092 petierat,
1055 1042 1130 1077 ne
1171 1042 1344 1092 quam
1381 1025 1685 1093 imaginem
1723 1026 1939 1079 servitii
1975 1022 2260 1080 Tiridates
2297 1045 2430 1095 per-

305 1120 480 1175 {erret
517 1139 632 1175 neu
671 1118 886 1174 ferrum
923 1118 1183 1174 traderet
1219 1125 1318 1174 aut
1349 1118 1654 1189 complexu
1689 1117 2014 1188 provincias
2051 1118 2431 1177 obtinentium

306 1222 601 1271 arceretur
623 1213 917 1270 foribusve
932 1234 1152 1270 eorum
1173 1214 1496 1285 adsisteret,
1518 1221 1828 1285 tantusque
1850 1218 1906 1270 ei
1923 1214 2161 1282 Romae,
2183 1196 2433 1286 quantus

242 1344 282 1374 10
307 1311 654 1376 consulibuS,
712 1310 900 1366 honor
958 1317 1133 1366 esset.
1193 1310 1407 1366 scilicet
1445 1318 1721 1367 externae
1762 1310 2070 1382 superbiae
2109 1318 2277 1368 sueto
2313 1332 2432 1368 non

302 1412 490 1463 inerat
508 1409 711 1463 notitia
729 1409 928 1471 nostri,
952 1405 1107 1476 apud
1127 1425 1272 1476 quos
1287 1409 1372 1462 vis
1392 1409 1616 1476 imperii
1635 1406 1807 1472 vaiet,
1822 1411 2017 1463 inania
2027 1410 2430 1464 tramittuntur.

357 1531 618 1590 XXXII.
681 1532 778 1589 De
815 1530 1158 1588 bewoners
1194 1530 1312 1588 der
1347 1530 1552 1604 Alpes
1590 1533 1947 1589 maritimae
1983 1531 2233 1604 kriigen
2267 1532 2380 1591 het

411 1620 845 1693 burgerrecht.
886 1619 1382 1692 Aigezonderde
1421 1620 1719 1693 plaatsen
1756 1640 1914 1677 voor
1953 1620 2035 1699 de
2075 1622 2328 1704 equites

1121 1711 1188 1766 in
1226 1707 1355 1765 den
1392 1712 1619 1766 circus.

376 1835 588 1892 XXXII.
630 1835 854 1892 Eodem
894 1788 1046 1891 anno
1088 1833 1308 1891 Caesar
1345 1838 1612 1891 nationes
1636 1804 1881 1906 *Alpium
1919 1838 2330 1892 maritimarum
2371 1838 2432 1892 in

304 1937 391 1988 ius
440 1930 585 1988 Latii
635 1895 1251 2020 transtulithjguitum
1297 1929 1692 1987 Romanorum
1729 1931 1894 1987 locos
1933 1930 2208 1988 sedilibus
2246 1929 2431 2002 plebis

306 2031 633 2099 anteposuit
672 2026 828 2098 apud
861 2030 1099 2118 0539211:
1136 2047 1386 2102 namque
1413 2026 1490 2083 ad
1526 2047 1657 2082 eam
1690 2027 1844 2083 diem
1871 2026 2167 2083 indiscreti
2193 2026 2429 2093 inibant,

305 2128 438 2194 quia
494 2125 583 2187 lex
640 2123 854 2180 Roscia
910 2119 1047 2179 nih'il
1104 2125 1212 2179 nisi
1272 2123 1347 2179 de
1385 2122 1851 2193 quattuordecim
1891 2121 2186 2180 ordinibus
2225 2126 2429 2180 sanxit.

392 2289 429 2331 1.
463 2301 596 2331 aram
615 2318 625 2329 .
645 2319 680 2330 ..
698 2285 910 2338 accendi,
949 2283 1178 2330 waarsch.
1211 2284 1343 2330 aldus
1376 2301 1439 2341 op
1471 2290 1518 2329 te
1550 2291 1727 2337 vatten.
1752 2284 1835 2329 dat
1864 2284 2051 2330 telkens
2082 2301 2171 2334 een
2200 2285 2349 2330 altaar
2363 2287 2432 2331 uit

305 2345 571 2391 brandbare
602 2345 780 2390 stoffen
811 2344 946 2389 werd
977 2344 1213 2401 gebouwd
1244 2359 1304 2390 en
1319 2347 1368 2389 in
1385 2343 1535 2390 brand
1552 2344 1797 2401 gestoken.
1815 2343 2042 2401 augurale
2064 2366 2103 2380 =
2126 2347 2429 2402 praetorium.

391 2408 433 2449 2.
466 2405 642 2455 affecit,
675 2421 740 2450 sc.
773 2413 944 2459 regem.

362 2463 517 2509 XXXI.
550 2467 591 2509 5.
626 2463 758 2520 apud
786 2463 971 2515 Medos,
1003 2462 1200 2519 volgens
1232 2479 1335 2519 cap.
1367 2466 1395 2507 2
1426 2477 1525 2507 was
1555 2461 1764 2508 Pacorus
1794 2461 1972 2518 koning
2003 2477 2096 2507 van
2126 2461 2300 2507 Medie.

393 2527 434 2567 5.
481 2522 754 2575 EcbataniS,
802 2522 1060 2575 Ecbatana,
1104 2522 1164 2567 de
1208 2521 1626 2567 zomerresidentie
1671 2538 1764 2567 van
1796 2521 1890 2566 den
1919 2520 2109 2578 koning.
2142 2536 2241 2566 was
2269 2523 2319 2567 in
2346 2520 2431 2567 het

303 2582 434 2638 2351<
465 2583 570 2627 deel
601 2599 693 2627 van
724 2582 882 2627 Medic
915 2581 1107 2638 gelegen
1147 2582 1363 2637 (tegenw.
1395 2580 1670 2635 Hamadan).
1702 2583 2002 2633 incuriosum,
2022 2581 2082 2626 ci.
2100 2589 2203 2637 gen.
2221 2579 2430 2635 cf.4,32.

389 2643 432 2686 7.
468 2645 730 2698 imaginem,
764 2642 952 2687 teeken.

388 2705 430 2746 8.
464 2701 652 2754 ferrum,
685 2718 750 2747 sc.
783 2704 1037 2751 acinacem,
1069 2699 1336 2745 waarmede
1369 2699 1428 2744 de
1459 2698 1665 2745 Parthen
1696 2697 1812 2744 zelfs
1829 2697 2100 2755 gedurende
2117 2697 2210 2744 den
2225 2698 2430 2756 maaltijd

302 2761 498 2818 omgord
529 2777 703 2806 waren.
736 2761 955 2813 traderet,
989 2776 1054 2805 sc.
1087 2758 1362 2805 Corbuloni.
1395 2758 1640 2814 complexa
1679 2774 1718 2788 =
1757 2758 1922 2804 osculo
1955 2757 2031 2813 (cf.
2060 2774 2100 2803 c.
2134 2758 2270 2813 29,9.)
2303 2773 2427 2804 com-

299 2821 440 2876 plexu
459 2856 470 2864 .
489 2854 499 2864 .
518 2854 528 2865 .
546 2825 795 2872 arceretur.
829 2820 887 2876 bij
920 2824 1007 2875 zijn
1039 2818 1256 2864 doorreis
1288 2818 1411 2864 door
1442 2818 1502 2863 de
1533 2820 1800 2874 provincies
1831 2834 1947 2863 naar
1975 2816 2142 2863 Rome.

387 2883 429 2925 9.
462 2879 644 2925 foribus
663 2914 674 2923 .
694 2914 703 2924 .
722 2914 733 2923 .
751 2879 1014 2928 adsisteret,
1046 2905 1105 2912 —-
1136 2877 1590 2923 antichambreeren.

363 2957 430 2998 11.
466 2957 535 2997 vis
575 2969 614 2982 =
652 2953 733 2998 het
766 2954 846 2999 Gr.
877 2942 1111 3010 δύναμις,
1151 2939 1330 2995 οὐσία.

359 3012 536 3058 XXXII.
586 3015 654 3057 12.
700 3012 891 3068 Alpium
924 3015 1274 3056 maritimarum.
1306 3011 1377 3056 De
1409 3010 1559 3067 Alpes
1601 3012 1859 3055 maritimae
1905 3008 2147 3063 (tusschen
2190 3007 2322 3054 Itali&
2367 3024 2428 3054 en

300 3071 557 3128 Frankrijk)
589 3072 817 3117 vormden
849 3073 977 3117 sinds
1008 3073 1249 3127 Augustus
1280 3087 1370 3115 een
1399 3072 1645 3126 provincie
1677 3069 1827 3114 onder
1858 3085 1948 3114 een
1985 3074 2282 3126 procurator.

364 3134 430 3176 23.
464 3135 538 3176 ius
568 3131 704 3183 Latii,
735 3130 1063 3188 Latinitatem;
1099 3131 1252 3175 onder
1283 3129 1342 3174 de
1373 3131 1493 3175 socii
1522 3145 1693 3174 namen
1724 3128 1784 3173 de
1805 3127 1959 3173 Latini
1975 3144 2066 3173 een
2081 3125 2427 3172 bevoorrechte

300 3191 513 3245 plaatsin
531 3209 540 3243 ;
559 3195 611 3247 zij
632 3197 889 3247 ontvingen
906 3191 1074 3235 hetius
1091 3191 1390 3241 commercii..
1423 3188 1616 3234 conubii
1646 3204 1706 3233 en
1737 3188 1819 3232 het
1848 3187 1983 3232 recht
2012 3202 2105 3232 van
2122 3187 2351 3242 vestiging
2378 3187 2428 3230 in

300 3248 463 3302 Rome,
491 3256 585 3294 met
616 3250 871 3295 stemrecht
901 3252 950 3295 in
982 3250 1041 3294 de
1073 3251 1264 3295 comitia
1295 3247 1471 3293 tributa
1501 3250 1549 3292 in
1581 3263 1670 3292 een
1702 3247 1865 3295 tribus.
1899 3246 2022 3292 door
2051 3245 2134 3290 het
2163 3245 2234 3290 lot
2263 3259 2354 3290 aan
2377 3249 2426 3289 te

299 3313 474 3364 wijzen,
493 3326 566 3361 en.
583 3309 743 3354 indien
760 3313 813 3364 zii
836 3309 939 3354 zich
955 3311 1001 3354 in
1019 3308 1170 3354 Rome
1201 3308 1464 3364 vestigden,
1496 3306 1578 3352 het
1609 3304 1931 3363 burgerrecht.
1963 3307 2165 3362 equitum
2181 3337 2191 3348 .
2211 3337 2222 3347 .
2242 3337 2252 3349 .
2270 3302 2427 3354 locos,-

300 3368 389 3470 dek
406 3375 659 3413 senatoren
705 3368 893 3413 hadden
937 3368 1089 3413 onder
1136 3367 1359 3413 Claudius
1402 3366 1765 3423 gereserveerde
1811 3365 2027 3422 plaatsen
2070 3365 2119 3409 in
2150 3362 2244 3410 den
2275 3365 2427 3408 circus

300 3436 354 3482 ge
391 3436 548 3483 regen.

365 3488 431 3531 14.
463 3485 594 3541 apud
632 3501 669 3515 ’³-
707 3488 769 3531 in.

362 3548 432 3589 14.
462 3545 651 3597 inibant.
685 3561 749 3590 sc.
781 3545 916 3590 locos
949 3544 999 3590 of
1029 3544 1208 3590 sedilia.
1240 3542 1316 3589 lex
1346 3542 1539 3595 Roscia,
1570 3541 1811 3587 theatralis
1842 3557 1935 3586 van
1964 3540 2047 3585 het
2077 3542 2176 3596 jaar
2205 3542 2262 3584 67
2292 3556 2337 3584 v.
2354 3538 2424 3592 C..

299 3603 486 3660 waarbij
521 3604 579 3649 de
601 3608 654 3648 14
669 3609 781 3661 rijen
797 3604 1076 3661 zitplaatsen
1093 3603 1257 3649 achter
1273 3602 1332 3648 de
1351 3602 1594 3648 orchestra
1609 3617 1730 3647 voor
1747 3601 1806 3646 de
1822 3602 2005 3657 equites
2021 3615 2181 3645 waren
2197 3597 2425 3645 bestemd.
