2574 3912
607 167 710 225 AB
748 165 1089 225 EXCESSU
1126 166 1275 223 D1V1
1312 165 1643 223 AUGUSTI
1680 165 1797 222 XV.
2213 167 2275 219 11

163 331 438 389 Armenia
491 312 990 405 abscederetff'cur
1029 331 1182 384 enim
1221 330 1535 383 exercitum
1572 326 1892 382 Romanum
1931 346 1966 381 a
2002 323 2277 396 Tigrano-

165 430 336 485 certis
365 426 672 483 deductum
691 426 721 481 ’ἲ
751 404 851 480 cui·
871 424 1103 480 deserta
1131 443 1235 493 per
1267 425 1460 487 otiu'm,
1493 442 1642 492 quae
1663 421 1815 477 bello
1858 419 2281 476 defenderant?

167 543 240 580 an
293 523 494 579 melius
542 520 937 578 hibernavisse
986 522 1045 575 in
1095 525 1354 574 extrema
1394 515 1783 587 Cappadocia,
1822 519 2030 587 raptim
2068 517 2277 571 erectis

164 620 417 689 tuguriiS,
458 637 629 688 quam
663 619 721 672 in
760 615 900 672 sede
939 617 1099 685 regni
1136 613 1310 670 modo
1349 613 1607 670 retenti?
1640 611 1816 668 dilata
1845 631 2080 682 prorsus
2102 631 2274 675 arma,

165 719 229 771 ut
258 713 616 784 Vologaeses
648 731 777 768 cum
817 711 929 766 alio
970 730 1142 780 quam
1183 729 1311 765 cum
1351 707 1680 764 Corbulone
1721 713 1986 772 certaret,
2028 704 2280 762 Corbulo
2306 713 2328 747 ⁵

165 812 406 866 meritae
444 815 532 866 tot
567 828 673 879 per
713 827 896 863 annos
935 806 1150 876 gloriae
1189 826 1307 861 non
1344 804 1492 861 ultra
1529 804 1843 874 periculum
1869 803 2106 859 iaceret.
2127 823 2278 867 nam,

166 911 230 963 ut
266 903 476 972 rettuli,
514 905 806 974 proprium
863 901 1067 958 ducem
1122 900 1374 958 tuendae
1430 899 1741 956 Armeniae
1797 904 2161 970 poposcerat,
2223 904 2281 953 et

167 999 481 1057 adventare
528 998 884 1055 Caesennius
922 997 1131 1054 Paetus
1172 995 1530 1052 audiebatur.
1570 999 1798 1065 iamque
1839 994 2056 1059 aderat,
2099 997 2279 1064 copiis

165 1099 246 1152 ita
283 1094 495 1161 divisis,
534 1100 598 1150 ut
635 1100 841 1164 quarta
881 1100 938 1149 et
977 1091 1321 1149 duodecima
1357 1091 1612 1162 legiones
1652 1090 1849 1147 addita
1879 1093 2093 1160 quinta,
2127 1109 2279 1160 quae

166 1211 370 1248 recens
404 1211 436 1246 e
466 1190 686 1246 Moesis
719 1192 905 1245 excita
937 1194 1077 1254 erat,
1116 1188 1281 1244 simul
1310 1187 1547 1244 Pontica
1579 1193 1637 1243 et
1677 1185 2012 1243 Galatarum
2052 1184 2282 1256 Cappa·
2310 1197 2352 1231 ¹0

166 1284 492 1356 documque
551 1284 759 1341 auxilia
814 1283 992 1340 Paeto
1033 1283 1394 1348 oboedirent,
1435 1285 1603 1339 tertia
1642 1289 1701 1338 et
1739 1289 1904 1338 sexta
1944 1288 2003 1337 et
2042 1279 2286 1337 decuma

164 1380 420 1453 legiones
476 1383 747 1451 priorque
806 1379 1008 1450 Syriae
1066 1379 1226 1435 miles
1284 1378 1438 1449 apud
1496 1377 1886 1435 Corbulonem
1942 1383 2281 1441 manerent:

167 1483 365 1534 cetera
404 1497 478 1532 ex
514 1497 706 1532 rerum
740 1495 849 1531 usu
888 1478 1175 1532 sociarent
1209 1478 1647 1544 partirenturve.
1682 1473 1788 1530 sed
1808 1493 1998 1543 neque
2023 1471 2280 1529 Corbulo

168 1572 374 1630 aemuli
402 1576 645 1643 patienS,
682 1579 741 1628 et
773 1571 1001 1637 PaetuS,
1036 1574 1126 1627 eui
1162 1573 1298 1626 satis
1338 1570 1413 1626 ad
1451 1570 1687 1641 gloriam
1723 1576 1862 1634 erat,
1903 1572 1950 1625 si
1987 1571 2282 1639 proximus

166 1667 493 1734 haberetur,
535 1666 891 1738 despiciebat
929 1673 1106 1738 gesta,
1145 1665 1281 1722 nihil
1320 1665 1514 1722 caedis
1548 1672 1647 1722 aut
1675 1664 1946 1736 praedae,
1979 1670 2285 1735 usurpatas
2313 1683 2354 1717 1⁵

167 1765 398 1820 nomine
451 1769 620 1819 tenus
675 1762 900 1819 urbium
957 1764 1409 1833 expugnationes
1468 1761 1760 1817 dictitans:
1822 1781 1885 1816 se
1942 1759 2158 1816 tributa
2218 1780 2285 1815 ac

167 1858 323 1930 leges
362 1865 421 1934 et
458 1879 564 1930 pro
603 1859 807 1915 umbra
844 1861 992 1928 regis
1030 1857 1349 1913 Romanum
1388 1860 1474 1913 ius
1512 1860 1675 1913 victis
1715 1859 2127 1927 impositurum.
2164 1866 2246 1937 ἒν

2133 1938 2166 1965 s

581 2032 708 2091 VII.
783 2035 1016 2091 Paetus
1054 2034 1224 2091 trekt
1261 2035 1567 2091 Armeni&
1604 2033 1863 2090 binnen.

241 2194 352 2252 VH.
429 2195 549 2253 Sub
603 2195 758 2252 idem
810 2202 1036 2266 tempus
1074 2196 1245 2266 legati
1282 2196 1635 2267 VologaesiS,
1677 2215 1823 2266 quos
1864 2195 1940 2251 ad
1970 2197 2286 2265 principem

170 2295 375 2348 missos
408 2295 736 2358 memoravi,
757 2298 1049 2348 revertere
1087 2295 1255 2358 inriti,
1295 2292 1622 2362 bellumque
1661 2285 1959 2362 propalam
1998 2296 2285 2361 sumptum

171 2407 207 2444 a
242 2386 477 2444 Parthis.
517 2408 624 2443 nec
661 2387 869 2444 Paetus
909 2386 1265 2453 detrectavit,
1306 2387 1411 2444 sed
1444 2386 1667 2444 duabus
1686 2386 2021 2458 legionibUS,
2047 2406 2286 2456 quarum
2311 2394 2356 2428 2⁰

264 2609 304 2652 1.
367 2606 652 2662 abscederet,
684 2606 729 2652 h.
746 2607 775 2652 l.
806 2607 986 2653 zonder
1015 2610 1304 2665 praepositie
1336 2607 1479 2664 gebr.,
1511 2608 1572 2653 cf.
1607 2610 1675 2661 13,
1709 2611 1750 2652 7.

261 2669 304 2710 2.
363 2681 448 2722 per
479 2670 635 2718 otium,
666 2667 711 2712 h.
728 2666 757 2710 l.
789 2667 1076 2712 vredesrust.

260 2727 302 2769 2.
366 2723 686 2779 defenderant,
717 2725 808 2770 h.1.
839 2726 981 2771 indie.
1013 2724 1452 2781 niettegenstaande
1499 2724 1559 2770 de
1606 2730 1724 2771 orat.
1772 2723 1881 2778 obl.,
1914 2723 1976 2770 cf.
2011 2726 2050 2777 1,
2086 2726 2167 2769 10:
2189 2756 2199 2768 .
2218 2757 2229 2767 .
2248 2756 2259 2769 .
2278 2755 2289 2768 .

175 2787 224 2829 et
255 2783 552 2830 machinator
583 2785 679 2830 doli
711 2785 885 2830 Caesar
917 2785 1190 2831 abstulerat.

263 2844 305 2887 6.
366 2848 554 2888 meritae
592 2859 631 2872 =
677 2860 970 2897 verworven,
1015 2843 1196 2890 zonder
1241 2842 1322 2888 dat
1369 2842 1544 2899 daarbij
1587 2841 1790 2899 gedacht
1820 2841 1991 2894 wordt,
2025 2842 2075 2886 of
2105 2842 2162 2897 hij
2198 2840 2291 2886 den

175 2916 308 2946 roem
337 2902 546 2957 waardig
575 2919 688 2954 was,
721 2903 782 2948 cf.
828 2902 986 2959 Agric.
1033 2907 1089 2948 4:
1135 2906 1286 2960 iisque
1330 2904 1444 2959 ipsis
1489 2902 1741 2947 virtutibus
1786 2904 1904 2946 iram
1951 2900 2042 2946 Gai
2073 2900 2291 2946 Caesaris

175 2962 382 3014 meritus,
419 2977 478 3006 en
511 2960 686 3006 Caesar
716 2962 769 3007 B.
802 2960 860 3006 G.
892 2964 934 3015 6,
966 2965 1007 3016 5,
1039 2965 1096 3007 2:
1129 2978 1187 3006 ex
1219 2978 1277 3006 eo
1310 2961 1439 3018 quod
1470 2967 1704 3006 meruerat
1736 2961 1862 3005 odio.

264 3021 307 3063 6.
368 3035 476 3070 non,
522 3019 613 3065 h.l.
651 3021 850 3077 inplaats
890 3037 1010 3066 van:
1044 3037 1118 3074 ne,
1152 3021 1211 3066 cf.
1246 3023 1314 3070 13.
1346 3024 1431 3066 40:
1464 3021 1655 3077 refugos
1685 3036 1785 3065 non
1815 3023 2138 3076 sequerentur.
2170 3020 2212 3062 7.
2246 3021 2295 3062 ut

177 3076 345 3130 rettuli,
377 3079 438 3124 cf.
471 3095 510 3123 c.
542 3081 584 3132 3.
620 3081 702 3124 14:
737 3112 747 3124 .
782 3112 790 3123 .
825 3111 834 3122 .
871 3111 881 3123 .
911 3083 1105 3136 proprio
1139 3080 1259 3125 duce
1292 3096 1411 3136 opus
1442 3096 1559 3124 esse.

265 3139 308 3181 8.
372 3137 881 3189 CaesenniusPaetuS,
914 3139 1029 3184 deze
1060 3155 1158 3184 was
1191 3139 1355 3183 consul
1386 3141 1433 3182 in
1464 3141 1516 3184 61
1552 3155 1596 3182 n.
1631 3137 1698 3190 C.,
1731 3137 1790 3181 cf.
1826 3139 1892 3188 14,
1925 3139 1997 3181 29.

266 3198 308 3240 9.
370 3202 608 3253 quarta—
627 3196 876 3253 Scythica:
897 3198 1190 3251 duodecima,
1208 3198 1468 3242 Fulminata
1485 3233 1494 3251 ,
1524 3200 1700 3252 quinta.
1728 3194 2054 3241 Macedonica.

241 3255 309 3299 12.
369 3259 502 3312 prior
531 3256 700 3312 Syriae
731 3254 863 3301 miles
898 3272 941 3286 ···
989 3274 1110 3316 quae
1142 3257 1311 3302 auxilia
1340 3259 1470 3313 prius
1500 3258 1549 3300 in
1580 3256 1714 3311 Syria
1745 3256 1945 3300 fuerant.

240 3315 309 3359 15.
371 3319 625 3370 usurpatas
653 3341 712 3348 —
741 3315 1014 3360 volvoeren.
1047 3319 1231 3361 nomine
1262 3320 1395 3359 tenus
1426 3342 1484 3348 —
1514 3315 1688 3359 slechts
1717 3316 1766 3358 in
1795 3330 1944 3358 naam.

237 3373 307 3417 17.
369 3373 547 3425 umbra,
595 3374 654 3419 cf.
702 3373 800 3419 Cic.
847 3390 892 3431 p.
938 3374 1056 3420 Rab.
1102 3375 1229 3420 Post.
1277 3377 1363 3419 41:
1411 3373 1622 3419 umbram
1655 3375 1824 3429 equitis
1856 3373 2057 3418 Romani
2099 3375 2147 3416 et
2177 3372 2293 3415 ima-

180 3431 334 3486 ginem
364 3431 547 3478 videtis.

237 3488 331 3535 VII.
398 3493 467 3536 19.
498 3494 784 3536 memoravi:
814 3493 861 3536 in
894 3507 995 3547 cap.
1027 3494 1070 3545 5,
1105 3494 1160 3536 10
1189 3494 1228 3536 is
1261 3491 1423 3535 echter
1454 3490 1628 3535 sIechts
1659 3489 1896 3535 vermeld:
1943 3491 2188 3548 missurum
2234 3486 2294 3532 ad

177 3547 509 3649 {imperatorem
538 3550 801 3595 Romanum
831 3549 1011 3606 legatos
1044 3583 1053 3594 .
1088 3583 1098 3594 .
1118 3583 1128 3596 .
1147 3583 1157 3595 .
1189 3549 1450 3608 respondit.
1482 3553 1620 3603 inriti,
1654 3549 1713 3594 cf.
1749 3552 1787 3602 1,
1821 3551 1906 3594 59:
1948 3550 2201 3603 irritasque
2222 3579 2232 3591 .
2252 3578 2262 3590 .
2282 3577 2293 3590 .

215 3611 464 3654 iscesserit.
