2574 3912
642 179 745 236 AB
783 178 1124 237 EXCESSU
1161 179 1310 236 DIVI
1348 180 1679 268 AUGUST1
1717 182 1833 240 XV.
2225 189 2291 240 21

178 339 488 406 Paulinum,
541 339 913 410 vectigalibus
983 339 1225 411 publicis
1295 346 1646 412 praeposuit,
1721 363 1850 400 cum
1916 347 2297 419 insectatione

177 438 433 506 priorum
486 438 821 506 principum,
880 438 979 506 qui
1039 439 1324 506 gravitate
1416 444 1744 508 sumptuum
1831 442 2013 496 iustos
2080 439 2297 496 reditus

179 534 525 587 anteissent:
568 551 631 587 se
671 551 923 587 annuum
958 534 1285 588 sexcenties
1319 536 1648 588 sestertium
1680 537 1763 590 rei
1792 534 2057 606 publicae
2090 535 2294 606 largiri.

862 647 1025 717 XIX.
1100 647 1621 721 Schiinadopties.

251 748 388 807 XIX.
464 750 877 807 Percrebuerat
916 772 988 806 ea
1024 757 1369 822 tempestate
1408 772 1621 822 pravus
1644 774 1784 819 m03,
1811 774 1938 811 cum
1959 758 2295 826 propinquis

180 849 422 903 comitiis
445 829 543 903 aut
577 852 734 902 sorte
771 847 1196 916 provinciarum
1234 847 1492 918 plerique
1534 847 1660 904 orbi
1698 848 1845 905 fictis
1886 849 2295 921 adoptionibus
2320 873 2341 905 5

180 942 568 998 adsciscerent
607 941 774 1007 filios,
814 949 1231 1012 praeturasque
1273 950 1331 999 et
1368 946 1695 1013 provincias
1728 946 1876 1001 inter
1896 952 2091 1015 patres
2114 948 2296 1002 sortiti
2513 1022 2516 1024 .

179 1040 369 1094 statim
390 1040 718 1093 emitterent
738 1057 927 1103 manu,
953 1057 1099 1108 quos
1123 1038 1561 1108 adoptaverant.
1585 1038 1651 1059 ‘²‘
1671 1052 1877 1111 magna
1915 1061 2044 1097 cum
2082 1041 2295 1099 invidia
2318 1031 2385 1049 μ
2414 1032 2574 1116 {³25³ss

178 1139 441 1189 senatum
472 1133 704 1198 adeunt,
735 1136 822 1188 ius
855 1139 1114 1198 naturae,
1150 1133 1382 1190 labores
1419 1130 1709 1191 educandi
1735 1135 2015 1192 adversus
2038 1136 2298 1193 fraudem
2411 1120 2416 1126 ’

180 1235 239 1284 et
278 1234 431 1285 artes
473 1235 531 1284 et
568 1228 912 1285 brevitatem
951 1229 1276 1299 adoptionis
1335 1238 1689 1287 enumerant.
1749 1235 1887 1288 satis
1943 1235 2112 1302 pretii
2168 1253 2297 1289 esse

180 1324 351 1390 orbiS,
412 1324 570 1394 quod
626 1324 804 1380 multa
861 1328 1186 1390 securitate,
1237 1325 1402 1381 nullis
1445 1325 1714 1382 oneribus
1754 1330 1990 1397 gratiam
2026 1327 2295 1395 honoreS,
2324 1342 2363 1375 ¹0

179 1426 388 1476 cuncta
443 1426 713 1490 prompta
771 1427 831 1476 et
888 1421 1059 1477 obvia
1116 1420 1414 1478 haberent.
1468 1420 1575 1478 sibi
1627 1426 1906 1493 promissa
1962 1424 2150 1495 legum
2204 1425 2300 1481 diu

114 1582 117 1586 ¹
180 1521 490 1584 expectata
558 1518 618 1570 in
675 1515 981 1571 ludibrium
1035 1519 1197 1582 verti,
1261 1517 1494 1586 quando
1555 1522 1680 1588 quis
1738 1521 1861 1574 sine
1919 1518 2299 1576 sollicitudine

179 1629 408 1680 parenS,
443 1613 564 1666 sine
597 1610 753 1667 luctu
785 1611 959 1667 orbus
998 1612 1170 1682 longa
1204 1619 1431 1682 patrum
1470 1619 1608 1669 vota
1645 1619 1885 1684 repente
1926 1614 2295 1686 adaequaret.

181 1705 394 1762 factum
451 1726 524 1761 ex
582 1727 653 1762 eo
712 1712 947 1762 senatus
1005 1706 1342 1772 consultum,
1399 1729 1472 1764 ne
1513 1709 1774 1766 simulata
1813 1709 2048 1780 adoptio
2087 1714 2146 1767 in
2183 1709 2298 1768 ulla

179 1806 344 1871 parte
366 1804 617 1857 muneris
643 1801 855 1872 publici
887 1806 1112 1859 iuvaret
1142 1823 1210 1858 ac
1244 1823 1319 1859 ne
1358 1805 1700 1874 usurpandis
1740 1806 1971 1875 quidem
2007 1805 2294 1863 heredita·
2321 1818 2361 1852 ¹⁵

180 1896 331 1952 tibus
369 1896 690 1967 prodesset.

215 1997 347 2056 XX.
423 1997 731 2069 Claudius
764 1958 1136 2057 Timarchus
1176 1999 1506 2059 Cretensis
1543 2001 1748 2060 wordt
1787 2003 2248 2076 aangeklaagd.

753 2087 934 2145 Rede
973 2108 1103 2146 van
1139 2089 1374 2146 Paetus
1414 2090 1717 2148 Thrasea.

251 2204 365 2260 XX.
442 2203 606 2261 Exim
665 2204 942 2263 Claudius
978 2205 1308 2263 Timarchus
1350 2207 1641 2264 Cretensis
1681 2229 1814 2266 reus
1854 2213 2050 2280 agitur,
2092 2213 2297 2267 ceteris

256 2333 294 2374 1.
327 2328 630 2386 vectigalibus
644 2329 859 2386 publicis,
876 2331 1084 2376 bedoeld
1098 2336 1186 2388 zijn
1203 2331 1262 2376 de
1278 2331 1548 2379 inkomsten
1562 2335 1632 2379 uit
1649 2333 1709 2379 de
1724 2336 1999 2391 provinciae
2015 2337 2295 2389 senatoriae,

178 2388 331 2434 welke
361 2390 410 2434 in
441 2388 500 2433 de
527 2389 760 2435 staatskas
792 2391 1055 2444 (aerarium)
1086 2390 1281 2436 werden
1311 2397 1501 2447 gestort.
1632 2404 1661 2454 g.
1716 2406 1726 2431 ι
1750 2426 1849 2449 .-·
1979 2434 2031 2448 ῑ

266 2450 308 2492 2.
340 2448 513 2509 reditus
558 2475 617 2482 —
660 2449 944 2494 inkomsten.
993 2453 1263 2503 anteissent,
1311 2457 1456 2497 vert.:
1492 2445 1643 2497 Trieds
1674 2457 1873 2498 tevoren
1904 2445 2294 2510 hadden‘aang‘e-

175 2503 418 2576 sprokenj
433 2510 696 2552 sexcenties
731 2511 1008 2562 sestertium,
1043 2509 1103 2553 ef.
1139 2511 1207 2562 13,
1239 2510 1310 2554 31.
1494 2499 1539 2523 'w
1642 2532 1653 2540 2
1768 2527 1799 2537 *v
1926 2515 1930 2524 ”
2170 2509 2172 2515 ’

267 2564 383 2610 ΧΙΧῖ
414 2568 456 2610 5.
489 2570 572 2610 aut
599 2571 738 2611 sorte.
770 2583 835 2612 sc.
867 2570 1148 2624 propinqua.
1180 2566 1390 2624 plerique
1428 2584 1466 2598 =
1503 2585 1612 2614 zeer
1641 2568 1794 2614 velen.

268 2627 310 2668 6.
343 2623 661 2670 adsciscerent
675 2623 816 2671 filios.
842 2642 880 2655 Ξ
907 2643 997 2672 een
1027 2642 1120 2672 van
1156 2626 1216 2671 de
1247 2626 1529 2683 bepalingen
1558 2644 1652 2673 van
1683 2627 1742 2672 de
1773 2627 1849 2673 lex
1879 2627 2027 2686 Papia
2070 2629 2297 2687 Poppaea

182 2683 294 2728 toch
339 2682 529 2728 luidde:
577 2687 657 2741 qui
703 2684 1061 2731 candidatorum
1107 2685 1264 2743 plures
1309 2686 1485 2732 liberos
1516 2686 1711 2732 habebit
1741 2686 2022 2744 praefertor.
2056 2689 2116 2734 cf.
2148 2691 2190 2742 2,
2222 2692 2294 2735 51.

181 2746 298 2786 inter·
327 2746 489 2797 patres
517 2768 576 2776 —
607 2743 674 2788 als
704 2744 888 2790 vaders.

181 2858 216 2903 L
272 2803 311 2844 7.
345 2803 600 2904 emigeregt
641 2818 795 2848 manu.
830 2804 891 2857 (Ξ
930 2806 1084 2860 patria
1113 2804 1384 2860 potestate),
1415 2804 1610 2849 meestal
1639 2821 1780 2851 manu
1810 2807 2007 2859 mittere,
2041 2806 2102 2851 cf.
2134 2805 2296 2851 echter

218 2861 279 2903 iv.
311 2862 384 2912 24,
418 2862 438 2904 1
476 2893 486 2912 ,
522 2863 541 2905 1
580 2892 590 2903 .
1156 2870 1163 2875 ’

270 2921 310 2962 7.
342 2929 512 2975 magna
558 2934 661 2963 cum
707 2919 895 2972 invidia,
943 2920 1094 2965 onder
1139 2926 1307 2976 groote
1352 2925 1595 2975 verwiiten
1642 2922 1735 2976 [die
1780 2924 2051 2978 misnoegen
2081 2928 2296 2968 moesten

183 2976 450 3081 ⁰¹}Wekken
481 2983 628 3081 tegent
649 2978 756 3032 hen,
776 2979 870 3084 tdil}
889 2979 1107 3083 adoptites
1124 2980 1395 3036 gefingeerd
1410 2979 1630 3035 hadden).
1661 2983 1704 3026 8.
1721 2981 1908 3034 adeunt,
1925 2997 1989 3027 sc.
2006 2984 2106 3027 veri
2120 2987 2295 3039 patres.

182 3052 211 3081 a
249 3050 580 3081 versus—in
631 3053 657 3081 e
690 3054 715 3082 e
751 3054 823 3083 se
858 3055 906 3083 m
965 3055 1075 3083 me.

265 3097 309 3198 18².
343 3094 571 3198 fraludem,
589 3046 827 3142 biegniIede
844 3100 883 3142 is
900 3047 960 3142 ge
976 3097 1318 3154 schijnadoptie
1334 3097 1566 3151 bedoeld;
1586 3102 1726 3151 artes,
1759 3098 1827 3144 dit
1857 3098 1976 3144 slaat
2007 3116 2070 3156 op
2102 3098 2294 3158 adoptie

185 3156 234 3199 in
300 3159 348 3199 et
377 3170 405 3199 a
424 3162 632 3210 gemeen.

240 3215 308 3257 10.
338 3217 597 3266 securitate,
630 3213 743 3258 daar
772 3218 824 3270 zij
858 3214 917 3259 de
947 3223 1123 3271 zorgen
1151 3216 1250 3260 niet
1280 3214 1484 3268 kennen,
1517 3215 1593 3260 die
1615 3215 1675 3260 de
1692 3215 1923 3261 kinderen
1940 3232 2028 3261 aan
2046 3215 2105 3261 de
2122 3216 2294 3262 ouders

180 3272 520 3318 vercorzaken.
550 3275 764 3328 gratiam,
795 3272 1228 3330 vriendelijkheden
1258 3290 1351 3319 van
1383 3274 1475 3319 den
1505 3274 1620 3320 kant
1651 3274 1735 3320 der
1766 3275 2107 3331 erfenisiagers.

244 3333 312 3375 11.
361 3331 439 3376 diu
485 3336 745 3387 expectata,
796 3332 874 3376 n.l.
905 3348 998 3377 van
1029 3332 1110 3378 het
1142 3331 1397 3389 oogenblik
1428 3332 1489 3387 af,
1520 3349 1714 3390 waarop
1745 3338 1797 3389 zij
1832 3333 1926 3379 den
1956 3333 2078 3380 door
2109 3333 2168 3379 de
2198 3339 2294 3380 wet

180 3389 447 3446 bepaalden
484 3389 663 3446 leeftijd
702 3406 823 3435 voor
853 3389 913 3435 de
944 3391 1134 3438 ambten
1164 3391 1368 3437 hadden.
1403 3395 1471 3437 12.
1504 3395 1550 3437 in
1581 3391 1833 3437 ludibrium
1863 3396 1991 3445 verti,
2022 3392 2212 3439 evenals
2244 3393 2295 3439 of

181 3464 290 3493 men
320 3447 414 3494 hen
443 3453 540 3495 met
571 3449 631 3494 de
662 3447 876 3495 beloften
905 3449 1000 3495 had
1029 3450 1186 3496 willen
1216 3452 1410 3509 ioppen.

245 3509 313 3551 15.
345 3510 548 3552 muneris
578 3506 756 3564 publici
784 3532 840 3538 -
871 3508 1191 3555 staatsdienst.

179 3598 182 3602 .
241 3564 334 3610 XX.
370 3569 437 3612 17.
467 3580 578 3611 reus
608 3570 774 3622 agitur,
807 3566 921 3613 daar
952 3567 1011 3612 de
1041 3567 1160 3612 zaak
1189 3567 1469 3624 betrekking
1500 3567 1594 3613 had
1627 3583 1689 3625 op
1723 3568 1782 3613 de
1813 3568 2064 3614 bewoners
2094 3583 2187 3614 van
2204 3584 2292 3614 een

182 3627 615 3681 senaatsprovincie
644 3626 743 3671 kon
772 3629 824 3682 zij
857 3628 905 3671 in
938 3626 1029 3671 den
1060 3632 1225 3672 senaat
1254 3627 1451 3673 worden
1483 3626 1763 3673 behandeld.
